2133 2745
735 201 1228 246 ——475—

173 311 415 356 diversum.
450 309 550 354 Hoc
585 308 694 362 Rajo
729 306 975 364 Caspula‚>
999 304 1205 346 Linnaeo
1250 303 1441 347 Silieula
1486 306 1755 352 nominatur.

173 373 223 423 In
257 377 414 419 ordine
447 379 563 421 hocq
600 379 777 430 praeter
810 367 1108 423 Pei-icarpium
1144 368 1214 409 uti
1249 377 1294 409 et
1327 370 1372 410 in
1394 370 1644 426 Siliquosis‚
1673 385 1755 427 pro

175 442 457 500 diagnostico
492 446 739 483 assumtum
774 435 1046 476 Characteoe
1070 467 1081 485 ,
1117 434 1263 474 multa
1300 433 1450 474 adhuc
1485 440 1757 484 occurrunt,

176 519 295 562 quae
331 512 482 547 notam
533 511 603 545 sat
635 503 800 543 claram
852 501 900 536 et
935 509 959 536 a
993 497 1179 552 reliquis
1214 496 1444 538 ordinibus
1490 498 1756 540 distinctam

174 570 528 611 subministrant.
565 567 783 608 Petuntur
817 566 967 602 autem
1002 562 1118 602 haec
1154 562 1281 619 signa
1321 560 1554 612 aRadjcQ
1592 563 1754 611 Came,

172 632 532 680 Ramificatione,
563 626 893 670 lnflorescentia
931 624 1125 680 aliisque
1162 625 1386 680 partibus,
1411 640 1539 682 'quae
1574 626 1622 669 in
1642 628 1757 669 Con-

175 697 420 739 sentientes
454 704 500 737 et
529 690 772 736 Absolutos
806 689 1090 731 characteres
1125 687 1375 745 distinguo,

880 798 912 850 ᾗ.
985 808 1056 837 11.

330 886 623 927 Characteres
658 883 998 926 Siliculosarum
1036 887 1082 923 et
1116 882 1439 940 Siliquosarum
1462 880 1757 926 Consentien-

170 962 238 995 tes
268 954 372 990 sunt
406 958 575 999 notae,
608 949 773 1005 quibus
808 960 960 989 omnes
996 946 1197 989 familiae
1233 948 1370 989 huius
1413 949 1603 1005 plantae
1637 948 1756 989 inter

173 1030 219 1057 se
250 1021 515 1071 congruunt.

328 1078 625 1120 Characteres
660 1089 763 1117 vero
800 1074 1015 1118 Absoluti
1050 1076 1280 1125 dicuntur,
1314 1090 1398 1132 per
1431 1089 1543 1132 quos
1563 1083 1755 1131 uterque

167 1143 284 1184 haec
318 1141 490 1184 familia
548 1143 606 1185 ab
651 1141 859 1182 omnibus
902 1141 1117 1181 Ordinum
1175 1141 1457 1182 naturalium
1508 1140 1750 1197 generibus

166 1206 328 1250 diflert.

243 1263 635 1316 Characteres
669 1263 922 1326 utriusque
954 1263 1181 1312 sectionis
1214 1261 1672 1312 consentientes

825 1325 1109 1376 consistunt.

167 1396 222 1438 A.
257 1397 306 1439 in
342 1399 400 1438 Pl
417 1396 794 1438 acentatione.
830 1394 1010 1436 Semina
1045 1395 1226 1436 duabus
1263 1391 1629 1447 Cotyledonibus
1649 1408 1757 1450 gau-

360 1460 481 1502 dent.
518 1461 714 1515 Embryo
731 1460 959 1507 omnibus,
978 1459 1211 1515 utriusque
1233 1457 1434 1502 familiae
1453 1459 1592 1502 huius
1629 1460 1759 1516 plan-

360 1524 420 1565 tis
456 1532 523 1565 est
555 1538 734 1566 curvus.

167 1586 218 1630 B.
253 1588 643 1630 Radicatione.
680 1588 831 1630 Radix
865 1600 1051 1630 carnosa
1094 1587 1398 1644 plerumque,
1445 1587 1757 1635 descendens,

361 1651 531 1694 fibrosa.

170 1715 220 1756 C.
258 1714 659 1758 Ramification
676 1731 714 1758 e.
751 1717 910 1759 Caulis
946 1716 1303 1765 teretiusculus‚
1346 1715 1396 1759 in
1438 1728 1579 1758 ramos
1624 1715 1760 1756 alter-

356 1780 492 1823 natim
528 1782 696 1836 positos
719 1811 730 1832 ‚
767 1781 953 1824 divisus.

170 1840 224 1883 D.
258 1843 552 1886 Foliation
571 1858 607 1884 e.
644 1843 771 1886 Folia
807 1846 855 1887 in
890 1858 1166 1903 gemmarum
1201 1844 1302 1886 sinu
1322 1843 1586 1892 convoluta,
1622 1842 1758 1884 alter-

364 1922 421 1949 na
456 1907 614 1965 paucis
652 1909 858 1965 exceptis
881 1940 893 1960 a
930 1910 1234 1965 exstipulata.

171 1967 222 2012 E.
257 1966 661 2014 pubescentia.
729 1972 918 2015 Etiamffl
969 1975 1085 2015 haec
1134 1974 1283 2015 fallax
1325 1977 1391 2015 est
1426 1968 1529 2028 (uli
1564 1967 1760 2012 Linnaei

362 2037 512 2078 verbis
549 2042 672 2089 utar)
708 2037 991 2086 differentia,
1028 2051 1131 2079 cum
1168 2051 1307 2092 saepe
1352 2037 1530 2078 cultura
1566 2035 1762 2089 depona-

358 2103 461 2154 tur,
498 2109 648 2143 tamen
684 2099 822 2149 folia,
856 2102 1121 2159 praeprimis
1174 2100 1393 2143 radicalia
1443 2111 1576 2156 quam
1624 2095 1764 2151 pluri*

365 2175 537 2206 marum
587 2165 724 2207 huius
774 2163 976 2209 familiae
1028 2164 1280 2222 specierum
1334 2164 1459 2222 pube
1502 2160 1661 2204 inermi
1697 2172 1758 2199 ar-

367 2231 503 2271 mata.

1072 2295 1185 2349 Ppp
1227 2305 1248 2330 2
1707 2284 1754 2326 F.
