2133 2745
706 173 851 197 ξ
900 169 990 207 (353
1043 171 1193 207 ‘¹¹⁸¹’-

321 278 444 320 Calx
477 274 686 317 tartarica
724 273 768 314 in
803 271 976 327 liquore
1007 272 1094 322 jam
1127 273 1215 324 'jam
1251 277 1536 315 concentrato
1556 275 1741 324 residua,

161 340 393 384 instillatis
431 340 603 396 aliquot
640 336 757 378 acidi
791 334 1040 389 sulphurici
1074 338 1244 392 guttis,
1294 339 1550 380 nubeculae
1596 341 1743 394 splen-

159 405 308 447 dentis
342 405 483 447 calcis
518 399 805 457 sulphuricae
859 411 954 437 mox
993 398 1208 440 oriundae
1257 400 1424 442 indicio
1460 400 1539 442 sese
1577 404 1739 457 prodit.

159 470 272 510 Orta
320 470 439 511 enim
492 468 577 507 hoc
651 460 753 501 casu
817 462 924 502 calx
984 461 1271 518 sulpburica,
1324 479 1463 517 quum
1519 465 1562 506 in
1603 468 1740 508 latice

162 532 302 574 nostro
338 532 465 573 acido
500 541 582 570 non
639 524 715 566 nisi
772 524 1007 566 admodum
1046 528 1209 585 exigua
1254 527 1342 569 dosa
1378 528 1520 571 soluta
1558 532 1739 572 haerere

164 596 339 642 valcat,
375 593 467 650 ipso
495 588 801 649 generationis
838 587 940 629 suae
962 595 1184 630 momento
1217 592 1278 631 ad
1310 592 1738 646 praecipitationem

159 658 418 715 disponitur.

318 776 528 821 Ceterum
584 776 674 818 duo
715 777 832 818 haec
882 776 1097 819 selenitae
1148 791 1312 836 genera
1357 778 1446 821 fine
1484 780 1580 820 ullo
1630 782 1741 822 adeo

158 842 359 887 chemico
394 843 603 882 examine
626 871 639 889 ,
693 840 782 882 solo
815 840 952 882 etiam
987 848 1171 883 externo
1208 842 1368 883 babitu
1407 843 1609 901 dignosci
1647 858 1743 901 pos-

155 900 282 947 sunt:
322 906 427 947 calx
465 906 583 946 enim
619 904 879 956 sulphurica
921 918 1010 946 non
1056 905 1132 947 nifi
1168 906 1517 948 tenuissimarum
1566 913 1613 948 et
1650 910 1743 950 bre-

157 963 425 1011 viffimarum
449 999 462 1020 .,
498 968 734 1023 oculisque
771 968 906 1009 nudis
941 969 1024 1010 vix
1057 968 1399 1026 conspicuarum
1421 1001 1432 1023 a
1469 971 1741 1028 spicularum

154 1030 233 1074 sub
268 1034 405 1075 forma
438 1032 802 1089 praecipitatur,
859 1031 970 1075 calx
1003 1039 1158 1076 contra
1204 1035 1417 1085 tartarica
1474 1037 1616 1078 multo
1652 1051 1743 1079 non

152 1095 438 1139 distinfflores
490 1105 705 1145 tantum,
756 1094 827 1137 sed
881 1097 1095 1156 largiores
1150 1112 1333 1155 quoque
1388 1100 1618 1155 crystallos
1670 1115 1742 1144 ex-

154 1159 295 1203 hibet.
1413 1187 1417 1189 ·

866 1223 899 1277 §.
975 1235 1043 1271 17,

319 1287 491 1341 Quodsi
516 1286 611 1343 jam
646 1287 820 1328 calcem
855 1286 1111 1328 tartaricarn
1150 1288 1292 1330 adeffe
1326 1299 1604 1345 compertum
1654 1291 1743 1334 fue-

155 1353 225 1394 rit:
261 1353 424 1407 liquori
461 1351 754 1407 pededentim
794 1349 910 1391 acidi
943 1349 1196 1406 sulphurici
1233 1357 1409 1409 guttae,
1443 1354 1521 1396 sub
1555 1356 1740 1412 liquoris

152 1419 373 1457 continua
410 1415 676 1473 agitatione,
710 1413 1003 1465 instillemus,
1034 1415 1174 1457 donec
1195 1430 1386 1459 examen
1406 1431 1578 1474 parvae
1597 1434 1743 1476 quan-

154 1479 300 1519 titatis
347 1479 540 1531 ejusdem
608 1478 794 1534 liquoris
847 1485 975 1519 aceto
1026 1479 1253 1522 saturnino
1303 1489 1349 1522 et
1402 1483 1530 1524 acido
1581 1484 1742 1526 nitrico

154 1540 338 1583 subinde
373 1541 720 1590 instituendum,
758 1550 886 1583 notas
921 1555 1033 1597 quas
1068 1543 1198 1600 supra
1235 1545 1287 1599 (ἕ.
1328 1544 1402 1602 15)
1437 1546 1649 1603 exposui,
1683 1549 1743 1590 lo-

151 1618 258 1646 cum
295 1606 461 1647 habere
498 1605 668 1646 doceat.
707 1604 810 1658 Quo
843 1603 1059 1655 obtento,
1093 1608 1243 1663 liquor
1283 1622 1364 1664 per
1398 1611 1743 1654 nichthemeron

156 1668 302 1725 quieti
336 1669 635 1725 relinquatur7
670 1670 888 1725 calceque
923 1668 1184 1726 sulphurica
1220 1672 1396 1714 interim
1432 1675 1741 1731 praecipitata

155 1738 202 1774 et
234 1733 368 1774 lintei
402 1746 488 1789 ope
522 1735 771 1792 segregata,
810 1732 952 1789 ipsum
988 1735 1165 1775 acidum
1198 1736 1456 1779 tartaricum
1493 1737 1740 1781 lenissimae

151 1797 353 1838 ulteriori
385 1797 715 1853 evaporationi,
751 1806 802 1838 ut
836 1796 880 1837 in
906 1798 1135 1852 crystallos
1170 1800 1434 1850 concrescat,
1468 1808 1740 1858 exponatur.

148 1859 279 1907 Quae
314 1859 588 1902 encheireses
624 1874 774 1902 omnes
807 1861 944 1917 probe
983 1862 1010 1903 fi
1046 1862 1360 1906 observentur:
1414 1865 1509 1907 fieri
1544 1880 1631 1908 non
1666 1880 1741 1924 po-

151 1924 234 1966 test
269 1954 281 1975 ‚
332 1925 441 1981 quin
494 1923 744 1977 purissimae
795 1937 969 1983 eaeque
1022 1927 1353 1983 pulcherrimae
1388 1929 1507 1971 acidi
1540 1930 1740 1972 tartarici

146 1987 349 2041 crystalli
380 1988 682 2032 obtineantur.
1063 2036 1068 2040 k

880 2054 913 2107 §.
955 2065 1022 2099 18.

311 2113 465 2169 Atque
499 2115 589 2168 hic,
624 2115 732 2156 data
766 2116 1011 2167 occasione,
1048 2119 1262 2160 brevibus
1295 2120 1341 2161 id
1376 2135 1553 2178 quoque
1589 2122 1736 2165 dicere

159 2186 245 2214 non
279 2177 362 2217 erit
397 2180 609 2227 alienum,
662 2193 737 2220 eas
790 2194 901 2235 quas
935 2195 1014 2236 pro
1048 2182 1167 2225 acidi
1202 2185 1402 2226 'tartarici
1438 2186 1656 2242 crystallis
1691 2194 1738 2226 et

207 2235 312 2268 Nova
326 2234 411 2270 Acta
424 2238 525 2273 Acad.
543 2238 623 2285 Imp.
641 2240 754 2274 scient.
771 2239 984 2277 Tom.X1V.
1194 2268 1198 2270 -
1308 2247 1342 2288 Z
1361 2262 1386 2289 z
1618 2249 1737 2303 puri..
