2133 2745
714 166 862 191 ΕΞ·-
911 154 998 202 3'41
1054 161 1203 186 -ᾱ-ι

160 274 368 319 cremoris
423 281 504 315 aut
543 268 709 327 liquori
752 269 1038 323 supernatat,
1095 273 1176 306 aut
1225 265 1345 306 collo
1396 270 1444 307 et
1491 261 1751 321 parietibus

161 342 354 399 lagenae
407 338 635 381 adhaeret.
702 332 807 374 Inde
826 328 900 379 fit,
944 329 1065 385 quod
1106 332 1267 384 pauca
1300 329 1582 370 solummodo
1615 340 1754 383 quan-

162 404 273 448 titas
309 404 507 461 partium
541 400 784 440 oleosarum
803 407 902 435 cum
940 393 1093 435 serosis
1112 392 1312 447 uniatur3
1347 392 1454 434 hinc
1488 400 1640 449 patet,
1675 404 1755 431 cur

163 482 323 526 parum
359 468 543 525 spiritus
578 459 772 500 ardentis
815 471 875 498 ex
915 458 1058 507 lacte,
1112 458 1208 500 sola
1254 455 1503 517 agitatione
1547 456 1669 500 vasis
1705 454 1753 496 in

163 532 546 577 fermentationem
584 522 803 572 deducto,
847 521 1120 567 obtineatur.

361 649 534 695 Vltima
575 646 661 690 hac
699 647 931 689 ‘methodo‘
946 647 1174 689 multoties
1199 645 1395 689 tractavi
1413 645 1489 687 lac
1508 645 1754 686 vaccinum

169 727 308 777 atque
340 713 603 770 caprinum,
640 718 685 754 et
720 713 832 753 licet
866 717 1109 765 utrumque
1130 709 1522 753 fermentationem
1542 707 1752 760 subierit,

168 784 284 842 quod
317 792 398 834 per
430 777 608 819 odorem
642 776 938 833 spirituosum
975 790 1031 816 ex
1068 776 1289 832 ampullis
1323 775 1623 816 exhalantem
1659 786 1756 813 sen-

167 849 238 891 tiri
278 841 413 884 facile
453 845 658 898 poterat3
714 854 950 896 nunquam
990 845 1141 882 tamen
1193 855 1250 881 ex
1294 840 1413 882 libra
1457 837 1592 880 lactis
1633 837 1753 893 ‘plus

162 907 412 951 semiuncia
447 905 634 962 spiritus
670 905 865 946 ardentis
901 903 1092 946 obtinui.
1173 904 1259 946 Sed
1284 903 1521 945 observavi
1555 904 1756 958 quoque,

162 979 350 1030 peracta
389 969 761 1020 fermentatione,
811 970 909 1010 cuis
961 961 1098 1010 finem
1130 967 1196 1029 *in
1226 970 1370 1028 ‘lacte
1416 967 1643 1026 assignare
1687 972 1757 1007 est

163 1036 378 1084 difficile,
432 1033 558 1075 brevi
590 1033 663 1074 lac
700 1032 922 1088 acescere3
990 1034 1109 1074 unde
1161 1047 1354 1090 pronum
1404 1040 1472 1074 est
1521 1031 1757 1089 colligere,

164 1100 285 1158 quod
330 1101 487 1155 aliqua
529 1097 678 1154 portio
713 1097 954 1154 spirituum
998 1097 1046 1139 in
1089 1112 1141 1139 eo
1186 1098 1441 1140 destruatur
1493 1100 1540 1139 et
1574 1097 1646 1137 lac
1682 1093 1760 1137 fer-

166 1173 421 1207 mentatum
457 1163 592 1204 abeat
626 1163 673 1204 in
710 1167 888 1203 acetum
921 1163 994 1202 sui
1028 1163 1217 1218 generis.
1304 1160 1458 1205 Citam
1493 1162 1613 1203 hanc
1649 1157 1760 1202 aces-

166 1229 360 1271 ce-ntiam
401 1227 534 1269 lactis
576 1229 739 1268 iterum
779 1239 804 1267 a
839 1225 934 1266 levi
974 1226 1174 1280 partium
1220 1228 1318 1268 eius
1359 1225 1661 1281 permixtione
1713 1230 1761 1264 et

168 1293 311 1335 debili
343 1284 495 1334 earum
523 1293 688 1333 unione
715 1289 953 1347 provenire
979 1290 1118 1331 valde
1142 1296 1211 1331 est
1235 1288 1500 1346 probabile3
1534 1290 1610 1330 lac
1640 1288 1761 1329 enim

171 1358 383 1398 methodo
417 1355 685 1397 Tatarorum
727 1354 1042 1396 fermentatum
1076 1367 1159 1410 per
1191 1356 1379 1412 longum
1415 1351 1626 1408 temporis
1664 1364 1764 1407 spa-

171 1420 286 1460 tium
326 1419 570 1460 iucundam
613 1426 851 1460 conservat
892 1418 1205 1471 dulcedinem,
1258 1424 1304 1460 et
1344 1418 1391 1459 in
1434 1429 1581 1459 serum
1624 1415 1763 1456 etiam

174 1488 442 1523 autumnum
476 1482 523 1524 in
559 1481 732 1540 lagenis
769 1491 1046 1524 asservatum
1087 1482 1338 1539 spirituosis
1385 1481 1587 1522 abundat
1620 1479 1763 1536 parti·

174 1549 278 1600 bus3
330 1546 375 1587 id
410 1542 539 1601 quod}
573 1546 672 1601 ipse
708 1552 926 1602 expertus
962 1560 1060 1588 sum
1102 1548 1149 1588 in
1183 1546 1478 1593 &senisii-ia,
1535 1545 1663 1586 cuius
1699 1543 1764 1584 in-

173 1611 301 1651 colae
336 1612 419 1650 vix
453 1623 651 1665 unquam
694 1611 765 1651 lac
802 1625 936 1651 suum
991 1611 1295 1653 destillationi
1342 1608 1619 1656 subiiciunt,
1686 1607 1764 1648 sed

173 1678 367 1715 utuntur
410 1687 461 1715 eo
496 1679 705 1729 tanquam
748 1683 861 1731 potu
903 1674 1125 1716 ordinario
1176 1689 1259 1731 per
1299 1688 1473 1728 omnem
1518 1678 1763 1724 aestatem3

173 1752 264 1791 quo
300 1746 495 1793 tempore
530 1739 667 1779 valde
683 1738 985 1796 pinguescunt
1019 1747 1066 1780 et
1101 1740 1300 1781 sanitate
1334 1738 1542 1779 fruuntur
1575 1736 1770 1792 integer-

173 1802 296 1843 rima.
350 1801 532 1857 Optime
577 1802 710 1843 etiam
754 1803 851 1858 ipse
886 1803 1124 1851 valebam,
1178 1806 1268 1844 imo
1303 1803 1534 1844 robustum
1570 1814 1639 1841 me
1675 1812 1768 1840 sen-

174 1866 364 1912 tiebam,
399 1879 501 1907 cum
537 1865 656 1907 idem
690 1867 764 1908 lac
791 1879 870 1923 pro
897 1873 1011 1924 potu
1039 1867 1306 1924 quotidiano
1340 1880 1422 1923 per
1447 1866 1626 1922 aliquot
1652 1876 1768 1904 men-

176 1943 246 1972 ses
292 1928 592 1972 adhibuerim.

372 2067 668 2124 Experientia
702 2069 841 2112 etiam
878 2079 945 2113 est
978 2080 1284 2129 compertum,
1334 2070 1408 2112 lac
1444 2069 1763 2112 fermentatum

182 2130 315 2172 valde
357 2132 610 2189 proficuum
650 2147 747 2176 esse
789 2135 839 2177 in
875 2137 1058 2191 morbis,
1107 2136 1358 2194 praecipue
1402 2131 1674 2194 phthisicis,
1722 2134 1771 2170 et

1584 2195 1769 2238 fuerunt
