2133 2745
703 184 849 213 ==-·.-.-·.·
904 176 992 220 433
1049 182 1195 207 ΞΕ

716 283 1090 342 Experiment.
1145 284 1187 335 4.

324 395 488 438 Fluido
509 428 519 448 ‚
555 393 650 449 post
686 392 914 433 aetherem
949 389 1209 444 separatum
1252 384 1453 440 residuo,
1488 400 1547 429 ex
1582 387 1747 428 retorta

165 457 426 515 destillato3
463 459 593 500 initio
628 454 870 513 paululum
914 454 1179 509 naphthae,
1232 451 1391 505 paullo
1427 451 1524 507 post
1559 460 1748 506 vapores

165 524 286 566 rubri
312 555 324 576 7
361 525 409 566 in
448 535 560 563 mere
595 522 777 580 glaucos
812 517 991 557 demum
1011 525 1312 565 transeunteS,
1348 514 1576 556 manifesto
1610 525 1750 569 appa-

164 588 337 633 rebant.
372 586 584 628 Fluidum
618 586 767 638 ipsum
788 593 893 622 vero
928 581 1161 624 redolebat
1195 579 1450 637 naphtham
1472 577 1750 624 sulfurosam,

164 652 313 692 oleum
350 651 447 692 vini
498 657 542 690 et
577 646 802 686 aetherem
841 643 1083 698 nitricum3
1134 644 1285 691 unde,
1340 641 1446 684 satia
1496 641 1608 683 Kali
1661 653 1748 696 ope

165 714 466 765 saturatione,
519 709 693 765 pondus
733 708 973 762 naphthae
1027 710 1197 749 mixtae
1232 706 1493 747 drachmam
1529 718 1667 746 unam
1703 709 1750 744 et

166 777 393 820 dimidiam
423 773 669 832 paululum
707 772 858 814 adhuc
893 771 1153 821 excedens,
1197 770 1254 813 ad
1289 783 1358 811 me
1395 768 1680 812 redundavit.

583 883 645 933 ΙΙ.
680 882 762 932 De
795 881 1037 932 aethere
1070 881 1310 931 uitrico

712 993 1089 1052 Experiment.
1148 1003 1188 1039 5.

318 1099 527 1143 Aetheris
583 1099 734 1142 nitrici
795 1101 957 1143 unciae
1009 1101 1124 1149 uni,
1176 1099 1222 1141 in
1275 1101 1481 1140 retortam
1538 1108 1747 1153 magnam

162 1177 351 1221 eamque
388 1166 665 1214 tubulatam,
700 1165 775 1206 cui
811 1164 957 1220 etipfi
979 1164 1247 1218 excipulum
1269 1193 1280 1212 a
1316 1163 1563 1217 paululum
1602 1173 1748 1215 aquae

143 1229 419 1277 continens,
475 1230 739 1281 adaptatum
777 1236 900 1275 erat,
944 1226 1073 1266 initio
1123 1225 1284 1266 summa
1307 1257 1318 1276 ‚
1352 1226 1408 1265 ob
1444 1224 1751 1265 vehementio-

158 1306 247 1334 rem
285 1294 478 1334 calorem
513 1298 772 1346 motumque
807 1290 1031 1331 internum
1054 1320 1067 1337 ,
1122 1288 1334 1331 cautione
1390 1287 1599 1330 adhibita
1668 1285 1753 1328 aci-

161 1357 207 1397 di
241 1357 460 1398 vitriolici
528 1354 802 1397 concentrati
870 1367 955 1394 non
1000 1351 1079 1394 nifi
1146 1360 1328 1393 tenuem
1365 1352 1542 1408 copiam
1581 1350 1747 1392 addidi.

162 1414 299 1478 Qiae
334 1425 483 1460 tamen
521 1420 839 1466 vehementIa‚
874 1416 969 1473 post
1006 1417 1140 1467 hujus
1180 1415 1297 1457 acidi
1324 1414 1502 1470 saepius
1537 1415 1751 1456 iteratam

164 1481 438 1531 asstisionem7
475 1482 861 1531 imminuebatur,
895 1493 1156 1537 quanquam
1194 1479 1363 1535 semper
1405 1492 1595 1531 vapores
1631 1479 1752 1520 rubri

160 1544 320 1586 sursum
358 1545 683 1587 attollerentur.
737 1547 907 1586 Aether
952 1558 976 1585 a
1011 1543 1148 1585 fundo
1199 1544 1306 1585 inde
1356 1542 1553 1594 fuscari,
1592 1543 1750 1583 bullae

162 1608 411 1664 paullatim
448 1609 637 1655 exoriri,
689 1608 916 1664 massaque
970 1608 1113 1649 mixta
1168 1607 1335 1665 spissior
1370 1607 1558 1648 evadere
1593 1619 1751 1661 coepe-

160 1680 277 1715 runt„
348 1671 396 1713 In
431 1674 615 1728 plenam
652 1673 798 1726 hanc,
849 1686 967 1728 quae
1023 1672 1176 1713 adesse
1226 1671 1499 1722 videbatur,
1551 1669 1746 1712 aetheris

159 1736 554 1778 commutationem
575 1767 588 1785 ,
625 1736 743 1778 acidi
776 1736 994 1780 vitriolici
1020 1735 1228 1792 impendi
1261 1736 1496 1776 drachmas
1530 1735 1750 1790 quinque.

289 1849 464 1891 Sedatis
501 1864 606 1893 vero
642 1850 834 1892 motibus
870 1850 1060 1893 internis
1094 1847 1480 1898 destillationem,
1526 1847 1746 1891 Ieviffimo

156 1913 264 1974 igne
298 1914 536 1963 adhibito,
569 1914 758 1957 institui.

709 2029 1073 2089 Experiment.
1127 2030 1173 2071 6.

316 2143 366 2182 In
402 2143 607 2200 recipulo
643 2144 894 2200 paululum
925 2144 1118 2186 aetheris
1157 2140 1385 2185 vitriolici
1430 2139 1572 2181 fluido
1622 2139 1744 2181 inna-

160 2201 274 2251 bat,
308 2205 434 2247 cuius
467 2221 565 2264 pars
612 2208 839 2265 quaedam
885 2223 987 2252 cum
1022 2210 1188 2264 baryta
1231 2206 1395 2249 nitrica
1447 2203 1748 2255 miscebatur,

1600 2268 1744 2308 donec
