2133 2745
697 143 845 160 ---
898 129 987 181 369
1030 144 1187 194 ῚΧΕΗΒ

150 251 286 296 terita
320 250 470 295 hieme
506 263 566 292 ex
600 244 708 289 urbe
741 241 897 287 Kursk
924 238 1195 296 Petropolim
1234 243 1400 294 allata,
1435 255 1554 300 quae
1604 243 1731 296 jussu

149 316 476 360 clementiffimi
510 309 820 368 Imperatoris,
856 307 988 349 Pauli
1022 310 1054 350 1.
1104 310 1149 350 in
1186 311 1418 351 Musaeum
1456 308 1728 349 Academiae

149 381 285 424 missa
322 389 440 423 sunt.
476 378 636 419 Utrum
669 385 776 414 vero
810 379 1004 413 monstra
1039 374 1154 414 haec
1205 372 1316 414 viva
1351 372 1397 413 in
1435 373 1581 413 lucem
1628 385 1730 429 pro-

150 444 348 493 dierint„
386 457 469 485 non
503 441 655 482 datum
690 434 776 475 fuit
811 435 946 489 scire3
986 437 1114 477 modo
1149 451 1207 478 ex
1229 436 1542 495 magnitudine
1577 449 1727 476 eorum

149 509 418 551 concludere
455 505 574 554 licet,
611 513 662 541 ea
697 499 850 540 debito
884 500 1089 548 termino,
1126 500 1289 556 elapsis
1331 499 1537 541 nimirum
1578 513 1601 540 a
1629 513 1726 541 con-

152 583 296 629 ceptu
331 583 489 612 novem
511 564 746 611 rnenSIbuS,
767 576 826 603 ex
849 567 975 604 utero
1002 564 1234 618 prodiisse.
1257 563 1451 604 Infantes
1470 562 1540 603 illi
1562 576 1641 618 per
1656 577 1736 618 pa-

152 637 218 679 ria
259 634 470 683 connati,
505 642 593 670 non
629 632 732 668 sunt
769 626 881 666 adeo
920 628 1177 677 monstrosi,
1215 631 1267 667 ut
1302 640 1389 666 non
1435 626 1604 667 similes
1627 626 1733 667 ¹illis

148 697 236 753 jam
275 701 467 750 prostent
521 692 567 732 in
602 687 817 738 Musaeo,
873 689 951 730 sed
987 691 1087 745 ipsa
1139 687 1380 730 similitudo
1431 702 1579 730 eornm
1631 703 1736 732 cum

153 763 256 804 aliis
304 758 585 800 coniecturae
636 755 712 796 dat
745 755 930 801 locum,
966 754 1086 809 quod
1133 761 1293 794 natura
1362 754 1407 794 in
1443 753 1545 809 ipsis
1583 753 1675 794 suis
1712 766 1738 794 a

151 829 361 867 consueta
412 832 563 861 norma
620 817 976 860 aberrationibus
1033 817 1232 873 aliquem
1286 826 1436 858 servet
1494 817 1736 865 ordinem,

151 888 228 930 vel
259 883 411 940 potius
465 882 684 925 similibus
732 882 986 936 intercepta
1021 880 1360 937 impedimentis
1402 880 1563 923 similes
1599 882 1739 923 etiam

151 948 454 991 aberrationes
508 947 783 1003 experiatur.
853 944 982 986 Nunc
1035 946 1256 1001 prodeant
1308 945 1392 993 illa
1431 954 1649 995 monstra,
1686 950 1736 987 et

145 1011 290 1068 primo
326 1011 509 1068 quidem
545 1015 785 1052 monstrum
821 1009 1080 1063 femineum3
1116 1010 1476 1065 quadrimanum,
1513 1015 1818 1079 tetffipUS'Tab
1843 1044 1880 1079 V

147 1075 328 1128 biceps,
362 1089 488 1128 cujus
524 1074 631 1117 bina
666 1077 822 1130 capita
846 1104 857 1125 7
894 1072 1002 1128 pilis
1037 1073 1341 1131 longiusculis
1379 1079 1497 1116 tecta
1520 1105 1533 1123 ,
1570 1087 1737 1130 aequa-
1776 1073 1840 1130 VI]
1880 1073 1890 1085 ⁰

146 1135 203 1180 lis
242 1147 288 1180 et
323 1132 554 1180 mediocris
590 1146 694 1180 sunt
730 1137 1092 1194 magnitudinis,
1125 1138 1302 1178 duabus
1338 1152 1427 1193 que
1465 1138 1679 1181 auriculis
1701 1139 1738 1180 δι

147 1210 276 1256 parte
311 1211 565 1259 temporum
609 1216 654 1244 se
691 1204 848 1240 mutuo
900 1199 1011 1239 adeo
1055 1205 1286 1257 tangunt⁷
1332 1207 1383 1242 ut
1433 1201 1601 1243 limbus
1642 1208 1741 1244 tan-

147 1267 377 1308 tummodo
424 1266 625 1322 superior
692 1264 880 1306 dextrae
919 1262 1155 1304 auriculae
1192 1264 1309 1305 inter
1344 1264 1425 1305 illa
1469 1266 1516 1306 in
1558 1279 1741 1322 conspe-

147 1339 272 1371 ctum
309 1333 479 1383 veniat,
530 1329 613 1369 Pro
648 1328 855 1384 quolibet
906 1326 1061 1382 capite
1097 1327 1394 1369 sustentando
1448 1343 1575 1370 suum
1613 1330 1740 1371 adest

147 1394 349 1444 collum,
402 1392 522 1447 quod
571 1404 672 1432 cum
708 1392 852 1432 altero
895 1403 984 1431 non
1036 1396 1309 1443 connatnm,
1362 1392 1438 1433 sed
1474 1393 1530 1434 ad
1564 1393 1739 1435 dorsum

147 1468 295 1510 usque
332 1459 399 1495 est
432 1460 717 1508 separatum,
767 1454 879 1496 licet
916 1454 1106 1496 alterum
1161 1456 1293 1497 alteri
1345 1470 1482 1512 quam
1534 1458 1738 1513 proxime

146 1516 200 1559 fit
237 1518 481 1560 admotum.
519 1514 566 1560 ln
601 1524 794 1575 utraque
830 1516 945 1560 facie
982 1532 1158 1571 prorsus
1213 1519 1334 1560 nihil
1386 1521 1614 1562 monstrosi
1664 1522 1743 1562 de-

145 1582 476 1638 prehenditur,
511 1585 559 1623 et
593 1586 686 1623 tota
738 1582 959 1625 facierum
991 1582 1152 1638 positio
1201 1584 1339 1639 plane
1393 1593 1461 1626 est
1502 1585 1737 1627 naturalis.

145 1644 371 1688 Auricula
405 1649 539 1688 unius
574 1646 740 1706 capitis
776 1647 951 1700 dextra,
989 1647 1175 1688 alterius
1211 1647 1404 1696 sinistra,
1440 1648 1486 1690 in
1525 1662 1603 1690 suo
1636 1650 1736 1690 loco

147 1714 257 1750 sunt
291 1710 604 1759 constitutae,
654 1710 732 1752 sed
767 1710 980 1767 quoniam
1032 1711 1151 1751 colla
1204 1711 1251 1752 in
1288 1712 1464 1765 liquore
1505 1715 1595 1765 jam
1632 1720 1741 1753 sunt

147 1773 377 1829 collapsa,
428 1775 533 1816 hinc
571 1775 730 1817 ambae
785 1773 1017 1816 auriculae
1069 1774 1349 1816 inferioribus
1392 1776 1544 1818 limbis
1581 1775 1742 1818 vertici

147 1836 388 1893 utriusque
422 1838 597 1880 humeri
633 1839 937 1895 superiacent.
1018 1840 1222 1890 Quatuor
1289 1840 1471 1882 brachia
1533 1840 1742 1881 debitum

149 1904 286 1941 situm
337 1902 600 1950 obtinuere,
653 1911 701 1943 et
736 1916 894 1945 manus
942 1904 1063 1955 justo
1114 1902 1356 1961 digitorum
1411 1918 1596 1946 numero
1639 1903 1739 1945 sunt

150 1964 432 2021 instructae3
469 1966 749 2022 brachiaque
799 1972 986 2008 externa
1007 1997 1021 2015 ,
1055 1966 1264 2008 dextrum
1301 1968 1508 2010 nimirum
1532 1993 1545 2017 ‚=
1592 1967 1740 2023 capiti

151 2026 305 2070 dextro
353 2031 641 2083 subiectum,
695 2039 741 2072 et
775 2030 1004 2072 sinistrum
1058 2031 1114 2072 ad
1149 2037 1293 2087 caput
1329 2032 1555 2074 sinistrum
1606 2030 1741 2088 perti-

154 2100 296 2140 nens,
336 2094 392 2135 ad
427 2095 625 2136 medium
659 2094 746 2136 fere
783 2095 1018 2151 utriusque
1055 2094 1228 2137 femoris
1265 2094 1365 2137 sunt
1401 2102 1647 2152 protensa3
1679 2094 1740 2136 ast

157 2144 340 2197 brachia
388 2155 476 2200 duo
526 2158 705 2201 interna
734 2189 747 2212 .,
800 2172 918 2215 quae
953 2160 1011 2201 ob
1049 2159 1302 2219 angustiam
1347 2161 1439 2203 loci
1480 2159 1742 2202 difformitet

221 2220 328 2259 Nova
342 2226 425 2262 Acta
434 2227 535 2266 Acad.
548 2230 630 2278 Imp.
645 2223 978 2268 Scientffomxw.
1200 2222 1266 2265 Bb
1276 2224 1303 2265 b
1544 2221 1744 2281 pendere
