<?xml version="1.0" encoding="UTF-8"?>
<!DOCTYPE html PUBLIC "-//W3C//DTD XHTML 1.0 Transitional//EN"
    "http://www.w3.org/TR/xhtml1/DTD/xhtml1-transitional.dtd">
<html xmlns="http://www.w3.org/1999/xhtml" xml:lang="en" lang="en">
 <head>
  <title>
</title>
<meta http-equiv="Content-Type" content="text/html;charset=utf-8" />
  <meta name='ocr-system' content='tesseract 3.04.00' />
  <meta name='ocr-capabilities' content='ocr_page ocr_carea ocr_par ocr_line ocrx_word'/>
</head>
<body>
  <div class='ocr_page' id='page_1' title='image "./novaactaacademia14impe_0402.png"; bbox 0 0 2133 2745; ppageno 0'>
   <div class='ocr_carea' id='block_1_1' title="bbox 978 198 1473 267">
    <p class='ocr_par' dir='ltr' id='par_1_1' title="bbox 978 198 1473 267">
     <span class='ocr_line' id='line_1_1' title="bbox 978 198 1473 267; baseline -0.004 -9"><span class='ocrx_word' id='word_1_1' title='bbox 978 232 1127 258; x_wconf 81' lang='lat'>===</span> <span class='ocrx_word' id='word_1_2' title='bbox 1180 198 1282 267; x_wconf 53' lang='lat' dir='ltr'>732v</span> <span class='ocrx_word' id='word_1_3' title='bbox 1322 227 1473 256; x_wconf 54' lang='grc' dir='ltr'>εξ</span> 
     </span>
    </p>
   </div>
   <div class='ocr_carea' id='block_1_2' title="bbox 375 327 2025 1869">
    <p class='ocr_par' dir='ltr' id='par_1_2' title="bbox 399 327 2002 773">
     <span class='ocr_line' id='line_1_2' title="bbox 403 327 2001 389; baseline -0.003 -14"><span class='ocrx_word' id='word_1_4' title='bbox 403 331 546 375; x_wconf 80' lang='lat' dir='ltr'>menti</span> <span class='ocrx_word' id='word_1_5' title='bbox 583 329 733 373; x_wconf 72' lang='lat' dir='ltr'>veluti</span> <span class='ocrx_word' id='word_1_6' title='bbox 788 329 961 389; x_wconf 82' lang='lat' dir='ltr'>figurae</span> <span class='ocrx_word' id='word_1_7' title='bbox 1004 327 1248 385; x_wconf 76' lang='lat' dir='ltr'><strong>euspicium</strong></span> <span class='ocrx_word' id='word_1_8' title='bbox 1285 330 1600 385; x_wconf 75' lang='lat' dir='ltr'>cylindricae,</span> <span class='ocrx_word' id='word_1_9' title='bbox 1653 331 1732 369; x_wconf 81' lang='lat' dir='ltr'>aut</span> <span class='ocrx_word' id='word_1_10' title='bbox 1766 329 2001 372; x_wconf 83' lang='lat' dir='ltr'>divisionis</span> 
     </span>
     <span class='ocr_line' id='line_1_3' title="bbox 401 391 2000 455; baseline -0.001 -17"><span class='ocrx_word' id='word_1_11' title='bbox 401 395 531 438; x_wconf 83' lang='lat' dir='ltr'>limbi</span> <span class='ocrx_word' id='word_1_12' title='bbox 567 394 794 455; x_wconf 82' lang='lat' dir='ltr'>graduati‚</span> <span class='ocrx_word' id='word_1_13' title='bbox 829 395 907 436; x_wconf 83' lang='lat' dir='ltr'>vel</span> <span class='ocrx_word' id='word_1_14' title='bbox 935 394 1084 451; x_wconf 81' lang='lat' dir='ltr'>ipsius</span> <span class='ocrx_word' id='word_1_15' title='bbox 1122 393 1258 435; x_wconf 79' lang='lat' dir='ltr'>huius</span> <span class='ocrx_word' id='word_1_16' title='bbox 1278 395 1412 437; x_wconf 81' lang='lat' dir='ltr'>limbi</span> <span class='ocrx_word' id='word_1_17' title='bbox 1436 407 1573 448; x_wconf 83' lang='lat' dir='ltr'>parvo</span> <span class='ocrx_word' id='word_1_18' title='bbox 1595 391 1728 434; x_wconf 88' lang='lat' dir='ltr'>nimis</span> <span class='ocrx_word' id='word_1_19' title='bbox 1765 393 1886 435; x_wconf 77' lang='lat' dir='ltr'>radio</span> <span class='ocrx_word' id='word_1_20' title='bbox 1921 395 2000 436; x_wconf 78' lang='lat' dir='ltr'>vel</span> 
     </span>
     <span class='ocr_line' id='line_1_4' title="bbox 399 456 2001 518; baseline -0.003 -15"><span class='ocrx_word' id='word_1_21' title='bbox 399 462 617 504; x_wconf 78' lang='lat' dir='ltr'>frictionis</span> <span class='ocrx_word' id='word_1_22' title='bbox 670 459 909 516; x_wconf 76' lang='lat' dir='ltr'>inaequali</span> <span class='ocrx_word' id='word_1_23' title='bbox 961 459 1106 518; x_wconf 81' lang='lat' dir='ltr'>gradu</span> <span class='ocrx_word' id='word_1_24' title='bbox 1162 459 1244 500; x_wconf 80' lang='lat' dir='ltr'>vix</span> <span class='ocrx_word' id='word_1_25' title='bbox 1281 473 1333 501; x_wconf 84' lang='lat' dir='ltr'>ac</span> <span class='ocrx_word' id='word_1_26' title='bbox 1369 473 1424 501; x_wconf 87' lang='lat' dir='ltr'>ne</span> <span class='ocrx_word' id='word_1_27' title='bbox 1461 458 1543 501; x_wconf 80' lang='lat' dir='ltr'>vix</span> <span class='ocrx_word' id='word_1_28' title='bbox 1578 456 1764 514; x_wconf 88' lang='lat' dir='ltr'>quidem</span> <span class='ocrx_word' id='word_1_29' title='bbox 1802 457 2001 499; x_wconf 88' lang='lat' dir='ltr'>evitabi-</span> 
     </span>
     <span class='ocr_line' id='line_1_5' title="bbox 400 521 2002 581; baseline -0.003 -13"><span class='ocrx_word' id='word_1_30' title='bbox 400 527 492 568; x_wconf 82' lang='lat' dir='ltr'>lem</span> <span class='ocrx_word' id='word_1_31' title='bbox 515 560 524 573; x_wconf 88' lang='lat'><strong>‚</strong></span> <span class='ocrx_word' id='word_1_32' title='bbox 558 524 930 567; x_wconf 77' lang='lat' dir='ltr'>incertitudinem</span> <span class='ocrx_word' id='word_1_33' title='bbox 973 524 1083 581; x_wconf 88' lang='lat' dir='ltr'>plus</span> <span class='ocrx_word' id='word_1_34' title='bbox 1118 537 1253 579; x_wconf 84' lang='lat' dir='ltr'>quam</span> <span class='ocrx_word' id='word_1_35' title='bbox 1298 524 1489 566; x_wconf 79' lang='lat' dir='ltr'>duorum</span> <span class='ocrx_word' id='word_1_36' title='bbox 1525 522 1748 581; x_wconf 82' lang='lat' dir='ltr'>graduum</span> <span class='ocrx_word' id='word_1_37' title='bbox 1783 522 1832 564; x_wconf 88' lang='lat' dir='ltr'>in</span> <span class='ocrx_word' id='word_1_38' title='bbox 1867 521 2002 563; x_wconf 75' lang='lat' dir='ltr'>incli-</span> 
     </span>
     <span class='ocr_line' id='line_1_6' title="bbox 401 587 2002 646; baseline -0.003 -13"><span class='ocrx_word' id='word_1_39' title='bbox 401 590 598 634; x_wconf 78' lang='lat' dir='ltr'>nationis</span> <span class='ocrx_word' id='word_1_40' title='bbox 656 592 944 646; x_wconf 81' lang='lat' dir='ltr'>magneticae</span> <span class='ocrx_word' id='word_1_41' title='bbox 995 589 1228 631; x_wconf 86' lang='lat' dir='ltr'>calculum</span> <span class='ocrx_word' id='word_1_42' title='bbox 1280 588 1603 639; x_wconf 76' lang='lat' dir='ltr'>introducere,</span> <span class='ocrx_word' id='word_1_43' title='bbox 1650 587 1763 629; x_wconf 84' lang='lat' dir='ltr'>licet</span> <span class='ocrx_word' id='word_1_44' title='bbox 1804 591 2002 642; x_wconf 76' lang='lat' dir='ltr'>quatuor</span> 
     </span>
     <span class='ocr_line' id='line_1_7' title="bbox 399 651 2002 706; baseline -0.003 -9"><span class='ocrx_word' id='word_1_45' title='bbox 399 655 582 697; x_wconf 87' lang='lat' dir='ltr'>istorum</span> <span class='ocrx_word' id='word_1_46' title='bbox 620 653 881 705; x_wconf 77' lang='lat' dir='ltr'>angulorum</span> <span class='ocrx_word' id='word_1_47' title='bbox 934 667 1022 696; x_wconf 88' lang='lat' dir='ltr'>non</span> <span class='ocrx_word' id='word_1_48' title='bbox 1074 653 1158 695; x_wconf 77' lang='lat' dir='ltr'>nisi</span> <span class='ocrx_word' id='word_1_49' title='bbox 1210 653 1322 695; x_wconf 90' lang='lat' dir='ltr'>duos</span> <span class='ocrx_word' id='word_1_50' title='bbox 1357 666 1498 695; x_wconf 80' lang='lat' dir='ltr'>errore</span> <span class='ocrx_word' id='word_1_51' title='bbox 1534 651 1730 706; x_wconf 86' lang='lat' dir='ltr'>quodam</span> <span class='ocrx_word' id='word_1_52' title='bbox 1779 652 2002 701; x_wconf 84' lang='lat' dir='ltr'>laborare,</span> 
     </span>
     <span class='ocr_line' id='line_1_8' title="bbox 401 715 1858 773; baseline -0.005 -10"><span class='ocrx_word' id='word_1_53' title='bbox 401 722 559 763; x_wconf 69' lang='lat' dir='ltr'>after-os</span> <span class='ocrx_word' id='word_1_54' title='bbox 598 721 726 761; x_wconf 88' lang='lat' dir='ltr'>binos</span> <span class='ocrx_word' id='word_1_55' title='bbox 764 718 1057 761; x_wconf 78' lang='lat' dir='ltr'>exactissime</span> <span class='ocrx_word' id='word_1_56' title='bbox 1089 718 1352 759; x_wconf 83' lang='lat' dir='ltr'>observatos</span> <span class='ocrx_word' id='word_1_57' title='bbox 1389 731 1484 759; x_wconf 92' lang='lat' dir='ltr'>esse</span> <span class='ocrx_word' id='word_1_58' title='bbox 1519 715 1858 773; x_wconf 79' lang='lat' dir='ltr'>supposuerim.</span> 
     </span>
    </p>

    <p class='ocr_par' dir='ltr' id='par_1_3' title="bbox 395 780 2002 1283">
     <span class='ocr_line' id='line_1_9' title="bbox 463 780 2002 837; baseline -0.003 -11"><span class='ocrx_word' id='word_1_59' title='bbox 463 784 537 826; x_wconf 81' lang='lat' dir='ltr'>Ex</span> <span class='ocrx_word' id='word_1_60' title='bbox 559 785 684 826; x_wconf 87' lang='lat' dir='ltr'>hisce</span> <span class='ocrx_word' id='word_1_61' title='bbox 698 783 807 826; x_wconf 82' lang='lat' dir='ltr'>satis</span> <span class='ocrx_word' id='word_1_62' title='bbox 831 784 1019 825; x_wconf 81' lang='lat' dir='ltr'>evidens</span> <span class='ocrx_word' id='word_1_63' title='bbox 1040 782 1471 829; x_wconf 82' lang='lat' dir='ltr'>est‚observationes</span> <span class='ocrx_word' id='word_1_64' title='bbox 1486 780 1798 824; x_wconf 65' lang='lat' dir='ltr'>inclinationis</span> <span class='ocrx_word' id='word_1_65' title='bbox 1823 793 2002 837; x_wconf 83' lang='lat' dir='ltr'>magne-</span> 
     </span>
     <span class='ocr_line' id='line_1_10' title="bbox 397 845 2000 903; baseline -0.001 -15"><span class='ocrx_word' id='word_1_66' title='bbox 397 847 644 890; x_wconf 71' lang='lat' dir='ltr'>ticaemctri</span> <span class='ocrx_word' id='word_1_67' title='bbox 664 848 903 889; x_wconf 83' lang='lat' dir='ltr'>institutas</span> <span class='ocrx_word' id='word_1_68' title='bbox 924 846 1238 889; x_wconf 80' lang='lat' dir='ltr'>incertitudini</span> <span class='ocrx_word' id='word_1_69' title='bbox 1260 846 1494 903; x_wconf 75' lang='lat' dir='ltr'>insigniter</span> <span class='ocrx_word' id='word_1_70' title='bbox 1508 846 1655 897; x_wconf 87' lang='lat' dir='ltr'>majori</span> <span class='ocrx_word' id='word_1_71' title='bbox 1670 845 2000 887; x_wconf 82' lang='lat' dir='ltr'>esseobnoxias</span> 
     </span>
     <span class='ocr_line' id='line_1_11' title="bbox 399 909 1999 968; baseline -0.001 -16"><span class='ocrx_word' id='word_1_72' title='bbox 399 912 520 952; x_wconf 86' lang='lat' dir='ltr'>etad</span> <span class='ocrx_word' id='word_1_73' title='bbox 542 913 762 952; x_wconf 83' lang='lat' dir='ltr'>theoriam</span> <span class='ocrx_word' id='word_1_74' title='bbox 782 923 889 951; x_wconf 85' lang='lat' dir='ltr'>acus</span> <span class='ocrx_word' id='word_1_75' title='bbox 911 911 1194 968; x_wconf 80' lang='lat' dir='ltr'>magneticae</span> <span class='ocrx_word' id='word_1_76' title='bbox 1207 911 1453 952; x_wconf 80' lang='lat' dir='ltr'>stabiliend</span> <span class='ocrx_word' id='word_1_77' title='bbox 1471 925 1528 952; x_wconf 73' lang='lat' dir='ltr'>rm</span> <span class='ocrx_word' id='word_1_78' title='bbox 1550 911 1633 952; x_wconf 74' lang='lat' dir='ltr'>vix</span> <span class='ocrx_word' id='word_1_79' title='bbox 1653 909 1907 967; x_wconf 75' lang='lat' dir='ltr'>quidquam</span> <span class='ocrx_word' id='word_1_80' title='bbox 1936 909 1999 950; x_wconf 86' lang='lat' dir='ltr'>in-</span> 
     </span>
     <span class='ocr_line' id='line_1_12' title="bbox 397 972 1995 1033; baseline -0.001 -17"><span class='ocrx_word' id='word_1_81' title='bbox 397 976 454 1016; x_wconf 85' lang='lat' dir='ltr'>de</span> <span class='ocrx_word' id='word_1_82' title='bbox 473 975 686 1033; x_wconf 84' lang='lat' dir='ltr'>concludi</span> <span class='ocrx_word' id='word_1_83' title='bbox 715 988 868 1030; x_wconf 76' lang='lat' dir='ltr'>posse3</span> <span class='ocrx_word' id='word_1_84' title='bbox 901 974 946 1015; x_wconf 86' lang='lat' dir='ltr'>id</span> <span class='ocrx_word' id='word_1_85' title='bbox 964 975 1086 1030; x_wconf 78' lang='lat' dir='ltr'>quod</span> <span class='ocrx_word' id='word_1_86' title='bbox 1106 974 1442 1017; x_wconf 51' lang='lat' dir='ltr'>observationes</span> <span class='ocrx_word' id='word_1_87' title='bbox 1463 976 1683 1028; x_wconf 79' lang='lat' dir='ltr'>ejusmodi·</span> <span class='ocrx_word' id='word_1_88' title='bbox 1706 975 1813 1016; x_wconf 75' lang='lat' dir='ltr'>mari</span> <span class='ocrx_word' id='word_1_89' title='bbox 1833 972 1995 1022; x_wconf 82' lang='lat' dir='ltr'>factas,</span> 
     </span>
     <span class='ocr_line' id='line_1_13' title="bbox 396 1038 1994 1094; baseline 0 -14"><span class='ocrx_word' id='word_1_90' title='bbox 396 1039 650 1080; x_wconf 85' lang='lat' dir='ltr'>cuiusmodi</span> <span class='ocrx_word' id='word_1_91' title='bbox 701 1038 749 1077; x_wconf 90' lang='lat' dir='ltr'>in</span> <span class='ocrx_word' id='word_1_92' title='bbox 796 1038 1028 1078; x_wconf 85' lang='lat' dir='ltr'>Itinerario</span> <span class='ocrx_word' id='word_1_93' title='bbox 1072 1038 1337 1081; x_wconf 74' lang='lat' dir='ltr'>Perousiano</span> <span class='ocrx_word' id='word_1_94' title='bbox 1387 1041 1643 1094; x_wconf 76' lang='lat' dir='ltr'>complures</span> <span class='ocrx_word' id='word_1_95' title='bbox 1696 1039 1994 1092; x_wconf 77' lang='lat' dir='ltr'>exhibentur,</span> 
     </span>
     <span class='ocr_line' id='line_1_14' title="bbox 397 1098 1997 1158; baseline 0.001 -14"><span class='ocrx_word' id='word_1_96' title='bbox 397 1102 446 1145; x_wconf 88' lang='lat' dir='ltr'>in</span> <span class='ocrx_word' id='word_1_97' title='bbox 480 1101 681 1143; x_wconf 84' lang='lat' dir='ltr'>ordinem</span> <span class='ocrx_word' id='word_1_98' title='bbox 717 1098 920 1156; x_wconf 82' lang='lat' dir='ltr'>redigere</span> <span class='ocrx_word' id='word_1_99' title='bbox 957 1104 1035 1144; x_wconf 88' lang='lat' dir='ltr'>et,</span> <span class='ocrx_word' id='word_1_100' title='bbox 1087 1101 1215 1148; x_wconf 76' lang='lat' dir='ltr'>cuius</span> <span class='ocrx_word' id='word_1_101' title='bbox 1251 1103 1315 1142; x_wconf 86' lang='lat' dir='ltr'>rei</span> <span class='ocrx_word' id='word_1_102' title='bbox 1351 1103 1565 1158; x_wconf 69' lang='lat' dir='ltr'>equitem</span> <span class='ocrx_word' id='word_1_103' title='bbox 1606 1103 1857 1153; x_wconf 71' lang='lat' dir='ltr'>periculum</span> <span class='ocrx_word' id='word_1_104' title='bbox 1895 1103 1997 1149; x_wconf 78' lang='lat' dir='ltr'>ieci,</span> 
     </span>
     <span class='ocr_line' id='line_1_15' title="bbox 395 1161 1992 1222; baseline 0.001 -16"><span class='ocrx_word' id='word_1_105' title='bbox 395 1179 595 1222; x_wconf 79' lang='lat' dir='ltr'>mappae</span> <span class='ocrx_word' id='word_1_106' title='bbox 636 1161 967 1205; x_wconf 84' lang='lat' dir='ltr'>declinatoriae</span> <span class='ocrx_word' id='word_1_107' title='bbox 1011 1162 1468 1206; x_wconf 78' lang='lat' dir='ltr'>Kratzensteinianae</span> <span class='ocrx_word' id='word_1_108' title='bbox 1504 1171 1699 1210; x_wconf 78' lang='lat' dir='ltr'>inserere</span> <span class='ocrx_word' id='word_1_109' title='bbox 1734 1171 1992 1208; x_wconf 76' lang='lat' dir='ltr'>tentantem</span> 
     </span>
     <span class='ocr_line' id='line_1_16' title="bbox 400 1224 1512 1283; baseline -0.006 -9"><span class='ocrx_word' id='word_1_110' title='bbox 400 1244 506 1274; x_wconf 81' lang='lat' dir='ltr'>mox</span> <span class='ocrx_word' id='word_1_111' title='bbox 542 1229 756 1271; x_wconf 84' lang='lat' dir='ltr'>edoctum</span> <span class='ocrx_word' id='word_1_112' title='bbox 793 1227 864 1275; x_wconf 88' lang='lat' dir='ltr'>iri,</span> <span class='ocrx_word' id='word_1_113' title='bbox 899 1238 1163 1283; x_wconf 84' lang='lat' dir='ltr'>persuasum</span> <span class='ocrx_word' id='word_1_114' title='bbox 1201 1224 1313 1266; x_wconf 82' lang='lat' dir='ltr'>mihi</span> <span class='ocrx_word' id='word_1_115' title='bbox 1351 1226 1512 1267; x_wconf 86' lang='lat' dir='ltr'>habeo.</span> 
     </span>
    </p>

    <p class='ocr_par' dir='ltr' id='par_1_4' title="bbox 375 1287 2025 1869">
     <span class='ocr_line' id='line_1_17' title="bbox 375 1287 1996 1350; baseline -0.002 -13"><span class='ocrx_word' id='word_1_116' title='bbox 375 1287 382 1291; x_wconf 43' lang='grc'><strong><em>’</em></strong></span> <span class='ocrx_word' id='word_1_117' title='bbox 497 1293 680 1337; x_wconf 83' lang='lat' dir='ltr'>Nostras</span> <span class='ocrx_word' id='word_1_118' title='bbox 715 1292 918 1350; x_wconf 81' lang='lat' dir='ltr'>regiones</span> <span class='ocrx_word' id='word_1_119' title='bbox 955 1289 1076 1345; x_wconf 89' lang='lat' dir='ltr'>quod</span> <span class='ocrx_word' id='word_1_120' title='bbox 1114 1288 1302 1338; x_wconf 78' lang='lat' dir='ltr'>attinet,</span> <span class='ocrx_word' id='word_1_121' title='bbox 1337 1304 1426 1332; x_wconf 90' lang='lat' dir='ltr'>non</span> <span class='ocrx_word' id='word_1_122' title='bbox 1461 1290 1750 1331; x_wconf 84' lang='lat' dir='ltr'>obstantibus</span> <span class='ocrx_word' id='word_1_123' title='bbox 1785 1292 1840 1332; x_wconf 91' lang='lat' dir='ltr'>iis</span> <span class='ocrx_word' id='word_1_124' title='bbox 1875 1305 1996 1348; x_wconf 81' lang='lat' dir='ltr'>quae</span> 
     </span>
     <span class='ocr_line' id='line_1_18' title="bbox 398 1354 1995 1417; baseline -0.004 -14"><span class='ocrx_word' id='word_1_125' title='bbox 398 1373 536 1417; x_wconf 83' lang='lat' dir='ltr'>supra</span> <span class='ocrx_word' id='word_1_126' title='bbox 567 1358 700 1407; x_wconf 71' lang='lat' dir='ltr'>dixi,</span> <span class='ocrx_word' id='word_1_127' title='bbox 751 1358 799 1399; x_wconf 88' lang='lat' dir='ltr'>id</span> <span class='ocrx_word' id='word_1_128' title='bbox 834 1361 989 1399; x_wconf 76' lang='lat' dir='ltr'>tamen</span> <span class='ocrx_word' id='word_1_129' title='bbox 1027 1359 1155 1396; x_wconf 79' lang='lat' dir='ltr'>extra</span> <span class='ocrx_word' id='word_1_130' title='bbox 1194 1354 1384 1396; x_wconf 80' lang='lat' dir='ltr'>dubium</span> <span class='ocrx_word' id='word_1_131' title='bbox 1423 1368 1520 1396; x_wconf 87' lang='lat' dir='ltr'>esse</span> <span class='ocrx_word' id='word_1_132' title='bbox 1560 1354 1758 1411; x_wconf 83' lang='lat' dir='ltr'>positum</span> <span class='ocrx_word' id='word_1_133' title='bbox 1795 1356 1995 1405; x_wconf 88' lang='lat' dir='ltr'>videtur,</span> 
     </span>
     <span class='ocr_line' id='line_1_19' title="bbox 395 1420 1997 1480; baseline -0.004 -13"><span class='ocrx_word' id='word_1_134' title='bbox 395 1423 745 1467; x_wconf 78' lang='lat' dir='ltr'>inclinationem</span> <span class='ocrx_word' id='word_1_135' title='bbox 768 1420 1071 1480; x_wconf 83' lang='lat' dir='ltr'>magneticam</span> <span class='ocrx_word' id='word_1_136' title='bbox 1097 1421 1188 1472; x_wconf 76' lang='lat' dir='ltr'>jam</span> <span class='ocrx_word' id='word_1_137' title='bbox 1215 1420 1338 1461; x_wconf 80' lang='lat' dir='ltr'>haud</span> <span class='ocrx_word' id='word_1_138' title='bbox 1365 1420 1647 1461; x_wconf 82' lang='lat' dir='ltr'>mediocriter</span> <span class='ocrx_word' id='word_1_139' title='bbox 1668 1420 1841 1477; x_wconf 84' lang='lat' dir='ltr'>augeri,</span> <span class='ocrx_word' id='word_1_140' title='bbox 1875 1432 1997 1473; x_wconf 79' lang='lat' dir='ltr'>quae</span> 
     </span>
     <span class='ocr_line' id='line_1_20' title="bbox 395 1483 1994 1546; baseline -0.005 -14"><span class='ocrx_word' id='word_1_141' title='bbox 395 1489 584 1546; x_wconf 77' lang='lat' dir='ltr'>triginta</span> <span class='ocrx_word' id='word_1_142' title='bbox 623 1487 792 1528; x_wconf 83' lang='lat' dir='ltr'>abhinc</span> <span class='ocrx_word' id='word_1_143' title='bbox 819 1486 957 1528; x_wconf 72' lang='lat' dir='ltr'>&#39;annis</span> <span class='ocrx_word' id='word_1_144' title='bbox 993 1485 1249 1526; x_wconf 83' lang='lat' dir='ltr'>decrescere</span> <span class='ocrx_word' id='word_1_145' title='bbox 1284 1490 1462 1540; x_wconf 82' lang='lat' dir='ltr'>reperta</span> <span class='ocrx_word' id='word_1_146' title='bbox 1497 1483 1609 1533; x_wconf 85' lang='lat' dir='ltr'>fuit,</span> <span class='ocrx_word' id='word_1_147' title='bbox 1643 1484 1691 1526; x_wconf 88' lang='lat' dir='ltr'>id</span> <span class='ocrx_word' id='word_1_148' title='bbox 1729 1483 1851 1541; x_wconf 89' lang='lat' dir='ltr'>quod</span> <span class='ocrx_word' id='word_1_149' title='bbox 1887 1496 1994 1524; x_wconf 88' lang='lat' dir='ltr'>cum</span> 
     </span>
     <span class='ocr_line' id='line_1_21' title="bbox 396 1549 2025 1607; baseline -0.002 -13"><span class='ocrx_word' id='word_1_150' title='bbox 396 1552 728 1595; x_wconf 78' lang='lat' dir='ltr'>variationibus</span> <span class='ocrx_word' id='word_1_151' title='bbox 773 1549 1091 1592; x_wconf 83' lang='lat' dir='ltr'>declinationis</span> <span class='ocrx_word' id='word_1_152' title='bbox 1140 1549 1264 1605; x_wconf 84' lang='lat' dir='ltr'>apud</span> <span class='ocrx_word' id='word_1_153' title='bbox 1307 1563 1386 1591; x_wconf 77' lang='lat' dir='ltr'>nos</span> <span class='ocrx_word' id='word_1_154' title='bbox 1429 1550 1508 1591; x_wconf 89' lang='lat' dir='ltr'>obs</span> <span class='ocrx_word' id='word_1_155' title='bbox 1532 1554 1701 1591; x_wconf 86' lang='lat' dir='ltr'>·rvatae</span> <span class='ocrx_word' id='word_1_156' title='bbox 1747 1558 2025 1607; x_wconf 69' lang='lat' dir='ltr'>congruere&#39;</span> 
     </span>
     <span class='ocr_line' id='line_1_22' title="bbox 394 1613 1993 1672; baseline -0.002 -13"><span class='ocrx_word' id='word_1_157' title='bbox 394 1617 613 1664; x_wconf 77' lang='lat' dir='ltr'>videtur,</span> <span class='ocrx_word' id='word_1_158' title='bbox 657 1622 822 1672; x_wconf 83' lang='lat' dir='ltr'>utpote</span> <span class='ocrx_word' id='word_1_159' title='bbox 857 1628 995 1672; x_wconf 85' lang='lat' dir='ltr'>quam</span> <span class='ocrx_word' id='word_1_160' title='bbox 1038 1613 1373 1670; x_wconf 81' lang='lat' dir='ltr'>antiquioribus</span> <span class='ocrx_word' id='word_1_161' title='bbox 1413 1613 1694 1670; x_wconf 87' lang='lat' dir='ltr'>temporibus</span> <span class='ocrx_word' id='word_1_162' title='bbox 1729 1613 1848 1655; x_wconf 86' lang='lat' dir='ltr'>inter</span> <span class='ocrx_word' id='word_1_163' title='bbox 1880 1615 1993 1656; x_wconf 79' lang='lat' dir='ltr'>satis</span> 
     </span>
     <span class='ocr_line' id='line_1_23' title="bbox 397 1678 1993 1734; baseline -0.004 -10"><span class='ocrx_word' id='word_1_164' title='bbox 397 1690 546 1726; x_wconf 86' lang='lat' dir='ltr'>arctos</span> <span class='ocrx_word' id='word_1_165' title='bbox 568 1681 736 1723; x_wconf 84' lang='lat' dir='ltr'>limites</span> <span class='ocrx_word' id='word_1_166' title='bbox 772 1679 880 1721; x_wconf 90' lang='lat' dir='ltr'>hinc</span> <span class='ocrx_word' id='word_1_167' title='bbox 916 1679 1022 1721; x_wconf 89' lang='lat' dir='ltr'>inde</span> <span class='ocrx_word' id='word_1_168' title='bbox 1055 1678 1293 1734; x_wconf 80' lang='lat' dir='ltr'>variatam,</span> <span class='ocrx_word' id='word_1_169' title='bbox 1329 1679 1434 1720; x_wconf 87' lang='lat' dir='ltr'>dein</span> <span class='ocrx_word' id='word_1_170' title='bbox 1472 1678 1629 1734; x_wconf 80' lang='lat' dir='ltr'>aliquo</span> <span class='ocrx_word' id='word_1_171' title='bbox 1661 1686 1860 1730; x_wconf 75' lang='lat' dir='ltr'>tempore</span> <span class='ocrx_word' id='word_1_172' title='bbox 1894 1690 1993 1734; x_wconf 85' lang='lat' dir='ltr'>pro·</span> 
     </span>
     <span class='ocr_line' id='line_1_24' title="bbox 395 1740 1991 1803; baseline -0.004 -15"><span class='ocrx_word' id='word_1_173' title='bbox 395 1747 641 1803; x_wconf 83' lang='lat' dir='ltr'>pemodum</span> <span class='ocrx_word' id='word_1_174' title='bbox 676 1744 1018 1792; x_wconf 71' lang='lat' dir='ltr'>stationarium,</span> <span class='ocrx_word' id='word_1_175' title='bbox 1051 1756 1110 1784; x_wconf 81' lang='lat' dir='ltr'>ex</span> <span class='ocrx_word' id='word_1_176' title='bbox 1145 1743 1469 1785; x_wconf 79' lang='lat' dir='ltr'>recentioribus</span> <span class='ocrx_word' id='word_1_177' title='bbox 1512 1740 1615 1787; x_wconf 84' lang='lat' dir='ltr'>Cel.</span> <span class='ocrx_word' id='word_1_178' title='bbox 1650 1741 1810 1798; x_wconf 81' lang='lat' dir='ltr'>IIenry</span> <span class='ocrx_word' id='word_1_179' title='bbox 1843 1742 1991 1783; x_wconf 81' lang='lat' dir='ltr'>obser-</span> 
     </span>
     <span class='ocr_line' id='line_1_25' title="bbox 395 1807 1990 1869; baseline -0.003 -16"><span class='ocrx_word' id='word_1_180' title='bbox 395 1811 660 1854; x_wconf 76' lang='lat' dir='ltr'>vationibus</span> <span class='ocrx_word' id='word_1_181' title='bbox 690 1824 716 1854; x_wconf 85' lang='lat' dir='ltr'>a</span> <span class='ocrx_word' id='word_1_182' title='bbox 751 1814 946 1868; x_wconf 80' lang='lat' dir='ltr'>quatuor</span> <span class='ocrx_word' id='word_1_183' title='bbox 977 1807 1194 1869; x_wconf 83' lang='lat' dir='ltr'>gradibus</span> <span class='ocrx_word' id='word_1_184' title='bbox 1231 1808 1287 1851; x_wconf 84' lang='lat' dir='ltr'>ad</span> <span class='ocrx_word' id='word_1_185' title='bbox 1322 1807 1534 1852; x_wconf 82' lang='lat' dir='ltr'>undecim</span> <span class='ocrx_word' id='word_1_186' title='bbox 1554 1821 1701 1863; x_wconf 83' lang='lat' dir='ltr'>usque</span> <span class='ocrx_word' id='word_1_187' title='bbox 1732 1807 1990 1850; x_wconf 80' lang='lat' dir='ltr'>excrevisse</span> 
     </span>
    </p>
   </div>
   <div class='ocr_carea' id='block_1_3' title="bbox 395 1875 617 1936">
    <p class='ocr_par' dir='ltr' id='par_1_5' title="bbox 395 1875 617 1936">
     <span class='ocr_line' id='line_1_26' title="bbox 395 1875 617 1936; baseline 0 -18"><span class='ocrx_word' id='word_1_188' title='bbox 395 1875 548 1936; x_wconf 80' lang='lat' dir='ltr'>novim</span> <span class='ocrx_word' id='word_1_189' title='bbox 556 1889 617 1918; x_wconf 82' lang='lat' dir='ltr'>us.</span> 
     </span>
    </p>
   </div>
   <div class='ocr_carea' id='block_1_4' title="bbox 1822 2389 1979 2436">
    <p class='ocr_par' dir='ltr' id='par_1_6' title="bbox 1822 2389 1979 2436">
     <span class='ocr_line' id='line_1_27' title="bbox 1822 2389 1979 2436; baseline -0.013 0"><span class='ocrx_word' id='word_1_190' title='bbox 1822 2389 1979 2436; x_wconf 84' lang='lat' dir='ltr'>SUP-</span> 
     </span>
    </p>
   </div>
  </div>
 </body>
</html>
