<?xml version="1.0" encoding="UTF-8"?>
<!DOCTYPE html PUBLIC "-//W3C//DTD XHTML 1.0 Transitional//EN"
    "http://www.w3.org/TR/xhtml1/DTD/xhtml1-transitional.dtd">
<html xmlns="http://www.w3.org/1999/xhtml" xml:lang="en" lang="en">
 <head>
  <title>
</title>
<meta http-equiv="Content-Type" content="text/html;charset=utf-8" />
  <meta name='ocr-system' content='tesseract 3.04.00' />
  <meta name='ocr-capabilities' content='ocr_page ocr_carea ocr_par ocr_line ocrx_word'/>
</head>
<body>
  <div class='ocr_page' id='page_1' title='image "./novaactaacademia14impe_0144.png"; bbox 0 0 2133 2745; ppageno 0'>
   <div class='ocr_carea' id='block_1_1' title="bbox 915 194 1066 203">
    <p class='ocr_par' dir='ltr' id='par_1_1' title="bbox 915 194 1066 203">
     <span class='ocr_line' id='line_1_1' title="bbox 915 194 1066 203; baseline 0 2542"><span class='ocrx_word' id='word_1_1' title='bbox 915 194 1066 203; x_wconf 95' lang='lat' dir='ltr'><strong> </strong></span> 
     </span>
    </p>
   </div>
   <div class='ocr_carea' id='block_1_2' title="bbox 914 175 1414 216">
    <p class='ocr_par' dir='ltr' id='par_1_2' title="bbox 914 175 1414 216">
     <span class='ocr_line' id='line_1_2' title="bbox 914 175 1414 216; baseline -0.008 1"><span class='ocrx_word' id='word_1_2' title='bbox 914 175 1414 216; x_wconf 76' lang='lat'><em>—474==---.</em></span> 
     </span>
    </p>
   </div>
   <div class='ocr_carea' id='block_1_3' title="bbox 359 278 1965 595">
    <p class='ocr_par' dir='ltr' id='par_1_3' title="bbox 359 278 1965 595">
     <span class='ocr_line' id='line_1_3' title="bbox 361 278 1964 338; baseline -0.004 -11"><span class='ocrx_word' id='word_1_3' title='bbox 361 286 449 327; x_wconf 91' lang='lat' dir='ltr'><strong>hoc</strong></span> <span class='ocrx_word' id='word_1_4' title='bbox 484 295 599 338; x_wconf 83' lang='lat' dir='ltr'><strong>opus</strong></span> <span class='ocrx_word' id='word_1_5' title='bbox 620 312 636 332; x_wconf 88' lang='lat'><strong><em>,</em></strong></span> <span class='ocrx_word' id='word_1_6' title='bbox 669 280 747 322; x_wconf 87' lang='lat' dir='ltr'><strong>hic</strong></span> <span class='ocrx_word' id='word_1_7' title='bbox 782 279 915 322; x_wconf 85' lang='lat' dir='ltr'><strong>cardo</strong></span> <span class='ocrx_word' id='word_1_8' title='bbox 950 278 1269 320; x_wconf 84' lang='lat' dir='ltr'><strong>Botanicorum</strong></span> <span class='ocrx_word' id='word_1_9' title='bbox 1305 278 1418 333; x_wconf 75' lang='lat' dir='ltr'><strong>fiat3</strong></span> <span class='ocrx_word' id='word_1_10' title='bbox 1448 278 1520 321; x_wconf 88' lang='lat' dir='ltr'><strong>his</strong></span> <span class='ocrx_word' id='word_1_11' title='bbox 1557 278 1679 322; x_wconf 89' lang='lat' dir='ltr'><strong>enim</strong></span> <span class='ocrx_word' id='word_1_12' title='bbox 1715 278 1798 321; x_wconf 85' lang='lat' dir='ltr'><strong>rite</strong></span> <span class='ocrx_word' id='word_1_13' title='bbox 1839 278 1964 320; x_wconf 84' lang='lat' dir='ltr'><strong>inve-</strong></span> 
     </span>
     <span class='ocr_line' id='line_1_4' title="bbox 361 342 1965 406; baseline -0.004 -16"><span class='ocrx_word' id='word_1_14' title='bbox 361 347 539 406; x_wconf 75' lang='lat' dir='ltr'><strong>stigatis</strong></span> <span class='ocrx_word' id='word_1_15' title='bbox 574 351 621 388; x_wconf 84' lang='lat' dir='ltr'><strong>ct</strong></span> <span class='ocrx_word' id='word_1_16' title='bbox 658 346 706 388; x_wconf 88' lang='lat' dir='ltr'><strong>in</strong></span> <span class='ocrx_word' id='word_1_17' title='bbox 741 345 942 387; x_wconf 88' lang='lat' dir='ltr'><strong>ordinem</strong></span> <span class='ocrx_word' id='word_1_18' title='bbox 978 342 1165 401; x_wconf 75' lang='lat' dir='ltr'><strong>digestis</strong></span> <span class='ocrx_word' id='word_1_19' title='bbox 1205 346 1410 398; x_wconf 80' lang='lat' dir='ltr'><strong>systema</strong></span> <span class='ocrx_word' id='word_1_20' title='bbox 1447 344 1580 386; x_wconf 81' lang='lat' dir='ltr'><strong>solidi</strong></span> <span class='ocrx_word' id='word_1_21' title='bbox 1627 358 1789 389; x_wconf 87' lang='lat' dir='ltr'><strong>nomen</strong></span> <span class='ocrx_word' id='word_1_22' title='bbox 1825 342 1965 384; x_wconf 85' lang='lat' dir='ltr'><strong>omni-</strong></span> 
     </span>
     <span class='ocr_line' id='line_1_5' title="bbox 360 406 1961 459; baseline -0.005 -4"><span class='ocrx_word' id='word_1_23' title='bbox 360 427 419 455; x_wconf 83' lang='lat' dir='ltr'><strong>no</strong></span> <span class='ocrx_word' id='word_1_24' title='bbox 457 417 695 454; x_wconf 82' lang='lat' dir='ltr'><strong>mereatur.</strong></span> <span class='ocrx_word' id='word_1_25' title='bbox 748 411 936 452; x_wconf 78' lang='lat' dir='ltr'><strong>Plantae</strong></span> <span class='ocrx_word' id='word_1_26' title='bbox 972 408 1297 457; x_wconf 69' lang='lat' dir='ltr'><strong>Umbessatae,</strong></span> <span class='ocrx_word' id='word_1_27' title='bbox 1331 407 1652 451; x_wconf 83' lang='lat' dir='ltr'><strong>Verticillatae</strong></span> <span class='ocrx_word' id='word_1_28' title='bbox 1673 442 1685 459; x_wconf 87' lang='lat'>‚</span> <span class='ocrx_word' id='word_1_29' title='bbox 1720 406 1961 453; x_wconf 81' lang='lat' dir='ltr'><strong>Columni-</strong></span> 
     </span>
     <span class='ocr_line' id='line_1_6' title="bbox 359 473 1964 533; baseline -0.003 -14"><span class='ocrx_word' id='word_1_30' title='bbox 359 477 510 530; x_wconf 74' lang='lat' dir='ltr'><strong>seme,</strong></span> <span class='ocrx_word' id='word_1_31' title='bbox 546 475 904 533; x_wconf 76' lang='lat' dir='ltr'><strong>Papilionaceae</strong></span> <span class='ocrx_word' id='word_1_32' title='bbox 939 479 1024 515; x_wconf 86' lang='lat' dir='ltr'><strong>etc.</strong></span> <span class='ocrx_word' id='word_1_33' title='bbox 1061 473 1294 526; x_wconf 78' lang='lat' dir='ltr'><strong>denotant,</strong></span> <span class='ocrx_word' id='word_1_34' title='bbox 1332 473 1453 527; x_wconf 87' lang='lat' dir='ltr'><strong>quod</strong></span> <span class='ocrx_word' id='word_1_35' title='bbox 1487 474 1613 515; x_wconf 85' lang='lat' dir='ltr'><strong>hunc</strong></span> <span class='ocrx_word' id='word_1_36' title='bbox 1645 474 1964 530; x_wconf 71' lang='lat' dir='ltr'><strong>Botanicorum</strong></span> 
     </span>
     <span class='ocr_line' id='line_1_7' title="bbox 360 538 1235 595; baseline -0.005 -9"><span class='ocrx_word' id='word_1_37' title='bbox 360 543 562 586; x_wconf 84' lang='lat' dir='ltr'><strong>laborem</strong></span> <span class='ocrx_word' id='word_1_38' title='bbox 596 554 692 583; x_wconf 84' lang='lat' dir='ltr'><strong>sera</strong></span> <span class='ocrx_word' id='word_1_39' title='bbox 727 539 823 582; x_wconf 88' lang='lat' dir='ltr'><strong>dies</strong></span> <span class='ocrx_word' id='word_1_40' title='bbox 859 538 1235 595; x_wconf 73' lang='lat' dir='ltr'><strong>recompensabit.</strong></span> 
     </span>
    </p>
   </div>
   <div class='ocr_carea' id='block_1_4' title="bbox 1099 636 1246 691">
    <p class='ocr_par' dir='ltr' id='par_1_4' title="bbox 1099 636 1246 691">
     <span class='ocr_line' id='line_1_8' title="bbox 1099 636 1246 691; baseline 0.02 -15"><span class='ocrx_word' id='word_1_41' title='bbox 1099 636 1133 691; x_wconf 60' lang='grc' dir='ltr'><strong>ς.</strong></span> <span class='ocrx_word' id='word_1_42' title='bbox 1203 649 1246 686; x_wconf 87' lang='lat'><strong>9.</strong></span> 
     </span>
    </p>
   </div>
   <div class='ocr_carea' id='block_1_5' title="bbox 355 731 1970 1691">
    <p class='ocr_par' dir='ltr' id='par_1_5' title="bbox 355 731 1970 1691">
     <span class='ocr_line' id='line_1_9' title="bbox 526 731 1965 790; baseline -0.004 -11"><span class='ocrx_word' id='word_1_43' title='bbox 526 734 791 778; x_wconf 81' lang='lat' dir='ltr'><strong>Ennarratis</strong></span> <span class='ocrx_word' id='word_1_44' title='bbox 856 732 1119 790; x_wconf 81' lang='lat' dir='ltr'><strong>Systematis</strong></span> <span class='ocrx_word' id='word_1_45' title='bbox 1187 731 1551 775; x_wconf 80' lang='lat' dir='ltr'><strong>Tournefortiani</strong></span> <span class='ocrx_word' id='word_1_46' title='bbox 1602 741 1649 774; x_wconf 82' lang='lat' dir='ltr'><strong>et</strong></span> <span class='ocrx_word' id='word_1_47' title='bbox 1703 731 1965 774; x_wconf 81' lang='lat' dir='ltr'><strong>Linnaeani</strong></span> 
     </span>
     <span class='ocr_line' id='line_1_10' title="bbox 362 796 1968 858; baseline -0.003 -15"><span class='ocrx_word' id='word_1_48' title='bbox 362 799 639 858; x_wconf 76' lang='lat' dir='ltr'><strong>quibusdam</strong></span> <span class='ocrx_word' id='word_1_49' title='bbox 692 798 1058 857; x_wconf 71' lang='lat' dir='ltr'><strong>drgreffionibUS,</strong></span> <span class='ocrx_word' id='word_1_50' title='bbox 1112 798 1334 855; x_wconf 79' lang='lat' dir='ltr'>optimam</span> <span class='ocrx_word' id='word_1_51' title='bbox 1386 810 1580 852; x_wconf 80' lang='lat' dir='ltr'><strong>eamque</strong></span> <span class='ocrx_word' id='word_1_52' title='bbox 1619 799 1766 839; x_wconf 86' lang='lat' dir='ltr'><strong>minus</strong></span> <span class='ocrx_word' id='word_1_53' title='bbox 1803 796 1968 838; x_wconf 84' lang='lat' dir='ltr'><strong>fallibi-</strong></span> 
     </span>
     <span class='ocr_line' id='line_1_11' title="bbox 359 860 1969 911; baseline -0.003 -4"><span class='ocrx_word' id='word_1_54' title='bbox 359 866 454 907; x_wconf 85' lang='lat' dir='ltr'><strong>lem</strong></span> <span class='ocrx_word' id='word_1_55' title='bbox 488 871 535 908; x_wconf 85' lang='lat' dir='ltr'><strong>et</strong></span> <span class='ocrx_word' id='word_1_56' title='bbox 571 862 1064 907; x_wconf 77' lang='lat' dir='ltr'><strong>connvenientiffimam</strong></span> <span class='ocrx_word' id='word_1_57' title='bbox 1101 874 1287 905; x_wconf 77' lang='lat' dir='ltr'><strong>naturae</strong></span> <span class='ocrx_word' id='word_1_58' title='bbox 1324 861 1410 903; x_wconf 86' lang='lat' dir='ltr'><strong>esse</strong></span> <span class='ocrx_word' id='word_1_59' title='bbox 1450 861 1634 903; x_wconf 76' lang='lat' dir='ltr'>arbitror</span> <span class='ocrx_word' id='word_1_60' title='bbox 1670 860 1969 911; x_wconf 66' lang='lat' dir='ltr'><strong>methodum,</strong></span> 
     </span>
     <span class='ocr_line' id='line_1_12' title="bbox 361 924 1969 984; baseline -0.004 -12"><span class='ocrx_word' id='word_1_61' title='bbox 361 943 482 983; x_wconf 88' lang='lat' dir='ltr'><strong>quae</strong></span> <span class='ocrx_word' id='word_1_62' title='bbox 521 931 726 984; x_wconf 82' lang='lat' dir='ltr'><strong>partibus</strong></span> <span class='ocrx_word' id='word_1_63' title='bbox 766 929 1027 980; x_wconf 78' lang='lat' dir='ltr'><strong>plantarum</strong></span> <span class='ocrx_word' id='word_1_64' title='bbox 1049 925 1415 968; x_wconf 66' lang='lat' dir='ltr'><strong>Fmaificationis</strong></span> <span class='ocrx_word' id='word_1_65' title='bbox 1438 939 1544 982; x_wconf 80' lang='lat' dir='ltr'><strong>prae</strong></span> <span class='ocrx_word' id='word_1_66' title='bbox 1565 924 1750 980; x_wconf 85' lang='lat' dir='ltr'><strong>reliquis</strong></span> <span class='ocrx_word' id='word_1_67' title='bbox 1771 925 1969 968; x_wconf 76' lang='lat' dir='ltr'><strong>constan-</strong></span> 
     </span>
     <span class='ocr_line' id='line_1_13' title="bbox 359 987 1968 1045; baseline -0.002 -10"><span class='ocrx_word' id='word_1_68' title='bbox 359 994 485 1036; x_wconf 80' lang='lat' dir='ltr'><strong>tibus</strong></span> <span class='ocrx_word' id='word_1_69' title='bbox 523 994 697 1036; x_wconf 85' lang='lat' dir='ltr'><strong>nititur.</strong></span> <span class='ocrx_word' id='word_1_70' title='bbox 734 992 915 1035; x_wconf 77' lang='lat' dir='ltr'><strong>Genera</strong></span> <span class='ocrx_word' id='word_1_71' title='bbox 952 991 1072 1032; x_wconf 88' lang='lat' dir='ltr'><strong>enim</strong></span> <span class='ocrx_word' id='word_1_72' title='bbox 1110 991 1457 1045; x_wconf 15' lang='lat' dir='ltr'><strong>Sifflicuiosarum</strong></span> <span class='ocrx_word' id='word_1_73' title='bbox 1494 987 1625 1031; x_wconf 76' lang='lat' dir='ltr'><strong>simul</strong></span> <span class='ocrx_word' id='word_1_74' title='bbox 1660 997 1708 1029; x_wconf 85' lang='lat' dir='ltr'><strong>et</strong></span> <span class='ocrx_word' id='word_1_75' title='bbox 1728 989 1968 1044; x_wconf 67' lang='lat' dir='ltr'><strong>Siliquosa-</strong></span> 
     </span>
     <span class='ocr_line' id='line_1_14' title="bbox 359 1051 1967 1115; baseline -0.004 -14"><span class='ocrx_word' id='word_1_76' title='bbox 359 1072 504 1101; x_wconf 81' lang='lat' dir='ltr'><strong>sarum</strong></span> <span class='ocrx_word' id='word_1_77' title='bbox 541 1060 839 1115; x_wconf 73' lang='lat' dir='ltr'><strong>plantarum,</strong></span> <span class='ocrx_word' id='word_1_78' title='bbox 894 1055 979 1096; x_wconf 87' lang='lat' dir='ltr'><strong>nisi</strong></span> <span class='ocrx_word' id='word_1_79' title='bbox 1032 1069 1099 1096; x_wconf 89' lang='lat' dir='ltr'><strong>me</strong></span> <span class='ocrx_word' id='word_1_80' title='bbox 1152 1057 1198 1097; x_wconf 85' lang='lat' dir='ltr'><strong>in</strong></span> <span class='ocrx_word' id='word_1_81' title='bbox 1235 1055 1476 1111; x_wconf 73' lang='lat' dir='ltr'><strong>permultis</strong></span> <span class='ocrx_word' id='word_1_82' title='bbox 1531 1055 1745 1110; x_wconf 80' lang='lat' dir='ltr'><strong>autopsia</strong></span> <span class='ocrx_word' id='word_1_83' title='bbox 1782 1051 1967 1107; x_wconf 73' lang='lat' dir='ltr'><strong>fefellit,</strong></span> 
     </span>
     <span class='ocr_line' id='line_1_15' title="bbox 359 1117 1969 1176; baseline -0.004 -11"><span class='ocrx_word' id='word_1_84' title='bbox 359 1124 613 1166; x_wconf 73' lang='lat' dir='ltr'>constanter</span> <span class='ocrx_word' id='word_1_85' title='bbox 648 1121 917 1176; x_wconf 80' lang='lat' dir='ltr'><strong>Pericarpiis</strong></span> <span class='ocrx_word' id='word_1_86' title='bbox 953 1128 1000 1160; x_wconf 83' lang='lat' dir='ltr'><strong>et</strong></span> <span class='ocrx_word' id='word_1_87' title='bbox 1034 1119 1385 1161; x_wconf 78' lang='lat' dir='ltr'><strong>luculentrffime</strong></span> <span class='ocrx_word' id='word_1_88' title='bbox 1422 1132 1444 1160; x_wconf 90' lang='lat' dir='ltr'><strong>a</strong></span> <span class='ocrx_word' id='word_1_89' title='bbox 1483 1133 1529 1160; x_wconf 89' lang='lat' dir='ltr'><strong>se</strong></span> <span class='ocrx_word' id='word_1_90' title='bbox 1565 1120 1767 1159; x_wconf 67' lang='lat' dir='ltr'><strong>invicem</strong></span> <span class='ocrx_word' id='word_1_91' title='bbox 1811 1117 1969 1158; x_wconf 83' lang='lat' dir='ltr'><strong>discre-</strong></span> 
     </span>
     <span class='ocr_line' id='line_1_16' title="bbox 358 1181 1968 1245; baseline -0.004 -16"><span class='ocrx_word' id='word_1_92' title='bbox 358 1194 507 1245; x_wconf 64' lang='lat' dir='ltr'><strong>pam,</strong></span> <span class='ocrx_word' id='word_1_93' title='bbox 545 1187 647 1228; x_wconf 77' lang='lat' dir='ltr'><strong>fixis</strong></span> <span class='ocrx_word' id='word_1_94' title='bbox 685 1186 890 1239; x_wconf 75' lang='lat' dir='ltr'><strong>adeoque</strong></span> <span class='ocrx_word' id='word_1_95' title='bbox 926 1183 1235 1222; x_wconf 82' lang='lat' dir='ltr'>circumscribi</span> <span class='ocrx_word' id='word_1_96' title='bbox 1270 1192 1464 1236; x_wconf 79' lang='lat' dir='ltr'><strong>possunt</strong></span> <span class='ocrx_word' id='word_1_97' title='bbox 1498 1182 1722 1224; x_wconf 74' lang='lat' dir='ltr'><strong>limitibus</strong></span> <span class='ocrx_word' id='word_1_98' title='bbox 1746 1213 1758 1233; x_wconf 63' lang='lat'>7</span> <span class='ocrx_word' id='word_1_99' title='bbox 1802 1181 1968 1238; x_wconf 81' lang='lat' dir='ltr'><strong>quibus</strong></span> 
     </span>
     <span class='ocr_line' id='line_1_17' title="bbox 357 1244 1966 1299; baseline -0.004 -6"><span class='ocrx_word' id='word_1_100' title='bbox 357 1253 500 1294; x_wconf 67' lang='lat' dir='ltr'><strong>etiam</strong></span> <span class='ocrx_word' id='word_1_101' title='bbox 556 1264 582 1292; x_wconf 82' lang='lat' dir='ltr'><strong>a</strong></span> <span class='ocrx_word' id='word_1_102' title='bbox 616 1248 808 1290; x_wconf 81' lang='lat' dir='ltr'><strong>caeteris</strong></span> <span class='ocrx_word' id='word_1_103' title='bbox 847 1245 1058 1288; x_wconf 86' lang='lat' dir='ltr'><strong>omnibus</strong></span> <span class='ocrx_word' id='word_1_104' title='bbox 1113 1244 1288 1299; x_wconf 78' lang='lat' dir='ltr'><strong>plantis</strong></span> <span class='ocrx_word' id='word_1_105' title='bbox 1336 1245 1478 1299; x_wconf 86' lang='lat' dir='ltr'><strong>plane</strong></span> <span class='ocrx_word' id='word_1_106' title='bbox 1515 1246 1742 1288; x_wconf 76' lang='lat' dir='ltr'><strong>differunt.</strong></span> <span class='ocrx_word' id='word_1_107' title='bbox 1816 1250 1966 1299; x_wconf 78' lang='lat' dir='ltr'><strong>Quare</strong></span> 
     </span>
     <span class='ocr_line' id='line_1_18' title="bbox 359 1309 1970 1365; baseline -0.011 -6"><span class='ocrx_word' id='word_1_108' title='bbox 359 1314 703 1359; x_wconf 83' lang='lat' dir='ltr'><strong>Cruciformium</strong></span> <span class='ocrx_word' id='word_1_109' title='bbox 740 1311 985 1354; x_wconf 80' lang='lat' dir='ltr'><strong>Familiam</strong></span> <span class='ocrx_word' id='word_1_110' title='bbox 1020 1323 1105 1351; x_wconf 87' lang='lat' dir='ltr'><strong>nec</strong></span> <span class='ocrx_word' id='word_1_111' title='bbox 1141 1324 1197 1351; x_wconf 78' lang='lat' dir='ltr'><strong>ex</strong></span> <span class='ocrx_word' id='word_1_112' title='bbox 1228 1309 1438 1349; x_wconf 82' lang='lat' dir='ltr'><strong>Corollae</strong></span> <span class='ocrx_word' id='word_1_113' title='bbox 1476 1309 1620 1365; x_wconf 76' lang='lat' dir='ltr'><strong>figura</strong></span> <span class='ocrx_word' id='word_1_114' title='bbox 1659 1312 1713 1350; x_wconf 88' lang='lat' dir='ltr'><strong>ad</strong></span> <span class='ocrx_word' id='word_1_115' title='bbox 1750 1309 1970 1352; x_wconf 69' lang='lat' dir='ltr'><strong>Crucilor-</strong></span> 
     </span>
     <span class='ocr_line' id='line_1_19' title="bbox 357 1371 1969 1428; baseline -0.004 -6"><span class='ocrx_word' id='word_1_116' title='bbox 357 1395 484 1428; x_wconf 82' lang='lat' dir='ltr'><strong>meS,</strong></span> <span class='ocrx_word' id='word_1_117' title='bbox 520 1393 605 1421; x_wconf 89' lang='lat' dir='ltr'><strong>nec</strong></span> <span class='ocrx_word' id='word_1_118' title='bbox 641 1392 667 1420; x_wconf 85' lang='lat' dir='ltr'><strong>a</strong></span> <span class='ocrx_word' id='word_1_119' title='bbox 706 1377 961 1419; x_wconf 68' lang='lat' dir='ltr'><strong>staminum</strong></span> <span class='ocrx_word' id='word_1_120' title='bbox 1006 1373 1376 1416; x_wconf 78' lang='lat' dir='ltr'><strong>subordinatione</strong></span> <span class='ocrx_word' id='word_1_121' title='bbox 1415 1373 1470 1414; x_wconf 86' lang='lat' dir='ltr'><strong>ad</strong></span> <span class='ocrx_word' id='word_1_122' title='bbox 1498 1371 1869 1426; x_wconf 80' lang='lat' dir='ltr'><strong>&#39;Tetradynamas</strong></span> <span class='ocrx_word' id='word_1_123' title='bbox 1906 1389 1969 1416; x_wconf 85' lang='lat' dir='ltr'><strong>re-</strong></span> 
     </span>
     <span class='ocr_line' id='line_1_20' title="bbox 355 1437 1970 1499; baseline -0.006 -13"><span class='ocrx_word' id='word_1_124' title='bbox 355 1445 470 1499; x_wconf 76' lang='lat' dir='ltr'><strong>fero3</strong></span> <span class='ocrx_word' id='word_1_125' title='bbox 507 1443 586 1485; x_wconf 86' lang='lat' dir='ltr'><strong>sed</strong></span> <span class='ocrx_word' id='word_1_126' title='bbox 620 1443 678 1484; x_wconf 88' lang='lat' dir='ltr'><strong>ob</strong></span> <span class='ocrx_word' id='word_1_127' title='bbox 716 1439 964 1496; x_wconf 86' lang='lat' dir='ltr'><strong>Pericarpii</strong></span> <span class='ocrx_word' id='word_1_128' title='bbox 999 1437 1332 1496; x_wconf 79' lang='lat' dir='ltr'><strong>longitudinem</strong></span> <span class='ocrx_word' id='word_1_129' title='bbox 1369 1438 1636 1479; x_wconf 84' lang='lat' dir='ltr'><strong>Siliculosas</strong></span> <span class='ocrx_word' id='word_1_130' title='bbox 1681 1445 1728 1478; x_wconf 86' lang='lat' dir='ltr'><strong>et</strong></span> <span class='ocrx_word' id='word_1_131' title='bbox 1766 1438 1970 1493; x_wconf 83' lang='lat' dir='ltr'><strong>Siliquo·</strong></span> 
     </span>
     <span class='ocr_line' id='line_1_21' title="bbox 359 1500 1967 1561; baseline -0.006 -10"><span class='ocrx_word' id='word_1_132' title='bbox 359 1523 429 1551; x_wconf 84' lang='lat' dir='ltr'><strong>sas</strong></span> <span class='ocrx_word' id='word_1_133' title='bbox 467 1522 536 1550; x_wconf 88' lang='lat' dir='ltr'><strong>me</strong></span> <span class='ocrx_word' id='word_1_134' title='bbox 569 1508 721 1561; x_wconf 88' lang='lat' dir='ltr'><strong>judice</strong></span> <span class='ocrx_word' id='word_1_135' title='bbox 774 1519 876 1547; x_wconf 88' lang='lat' dir='ltr'><strong>cum</strong></span> <span class='ocrx_word' id='word_1_136' title='bbox 921 1503 1037 1545; x_wconf 84' lang='lat' dir='ltr'><strong>Raio</strong></span> <span class='ocrx_word' id='word_1_137' title='bbox 1074 1503 1262 1559; x_wconf 81' lang='lat' dir='ltr'><strong>apeHO,</strong></span> <span class='ocrx_word' id='word_1_138' title='bbox 1313 1500 1534 1544; x_wconf 85' lang='lat' dir='ltr'><strong>familiam</strong></span> <span class='ocrx_word' id='word_1_139' title='bbox 1589 1503 1710 1543; x_wconf 87' lang='lat' dir='ltr'><strong>hanc</strong></span> <span class='ocrx_word' id='word_1_140' title='bbox 1763 1502 1967 1557; x_wconf 81' lang='lat' dir='ltr'><strong>adeoque</strong></span> 
     </span>
     <span class='ocr_line' id='line_1_22' title="bbox 357 1566 1969 1629; baseline -0.004 -14"><span class='ocrx_word' id='word_1_141' title='bbox 357 1579 411 1615; x_wconf 81' lang='lat' dir='ltr'><strong>ut</strong></span> <span class='ocrx_word' id='word_1_142' title='bbox 446 1587 512 1615; x_wconf 87' lang='lat' dir='ltr'><strong>res</strong></span> <span class='ocrx_word' id='word_1_143' title='bbox 550 1574 647 1629; x_wconf 83' lang='lat' dir='ltr'><strong>ipsa</strong></span> <span class='ocrx_word' id='word_1_144' title='bbox 684 1569 953 1628; x_wconf 73' lang='lat' dir='ltr'><strong>expostulat</strong></span> <span class='ocrx_word' id='word_1_145' title='bbox 994 1581 1042 1609; x_wconf 88' lang='lat' dir='ltr'>m</span> <span class='ocrx_word' id='word_1_146' title='bbox 1072 1569 1185 1608; x_wconf 78' lang='lat' dir='ltr'><strong>duas</strong></span> <span class='ocrx_word' id='word_1_147' title='bbox 1221 1566 1441 1607; x_wconf 62' lang='lat' dir='ltr'><strong>sectiones</strong></span> <span class='ocrx_word' id='word_1_148' title='bbox 1478 1567 1699 1623; x_wconf 86' lang='lat' dir='ltr'><strong>dispesco.</strong></span> <span class='ocrx_word' id='word_1_149' title='bbox 1735 1566 1783 1607; x_wconf 87' lang='lat' dir='ltr'><strong>ln</strong></span> <span class='ocrx_word' id='word_1_150' title='bbox 1820 1567 1969 1622; x_wconf 86' lang='lat' dir='ltr'>prima</span> 
     </span>
     <span class='ocr_line' id='line_1_23' title="bbox 356 1630 1869 1691; baseline -0.005 -11"><span class='ocrx_word' id='word_1_151' title='bbox 356 1639 414 1680; x_wconf 90' lang='lat' dir='ltr'><strong>de</strong></span> <span class='ocrx_word' id='word_1_152' title='bbox 456 1636 728 1691; x_wconf 70' lang='lat' dir='ltr'><strong>siticulosis,</strong></span> <span class='ocrx_word' id='word_1_153' title='bbox 763 1636 810 1677; x_wconf 85' lang='lat' dir='ltr'><strong>in</strong></span> <span class='ocrx_word' id='word_1_154' title='bbox 848 1635 993 1676; x_wconf 79' lang='lat' dir='ltr'><strong>altera</strong></span> <span class='ocrx_word' id='word_1_155' title='bbox 1028 1646 1134 1674; x_wconf 66' lang='lat' dir='ltr'><strong>vero</strong></span> <span class='ocrx_word' id='word_1_156' title='bbox 1169 1630 1224 1671; x_wconf 84' lang='lat' dir='ltr'><strong>de</strong></span> <span class='ocrx_word' id='word_1_157' title='bbox 1263 1630 1503 1686; x_wconf 82' lang='lat' dir='ltr'><strong>Siliquosis</strong></span> <span class='ocrx_word' id='word_1_158' title='bbox 1541 1636 1724 1675; x_wconf 78' lang='lat' dir='ltr'><strong>acturus</strong></span> <span class='ocrx_word' id='word_1_159' title='bbox 1759 1644 1869 1672; x_wconf 83' lang='lat' dir='ltr'><strong>sum.</strong></span> 
     </span>
    </p>
   </div>
   <div class='ocr_carea' id='block_1_6' title="bbox 906 1754 1411 1808">
    <p class='ocr_par' dir='ltr' id='par_1_6' title="bbox 906 1754 1411 1808">
     <span class='ocr_line' id='line_1_24' title="bbox 906 1754 1411 1808; baseline -0.006 -1"><span class='ocrx_word' id='word_1_160' title='bbox 906 1754 1310 1808; x_wconf 86' lang='lat' dir='ltr'><strong>SECTIO</strong></span> <span class='ocrx_word' id='word_1_161' title='bbox 1378 1755 1411 1804; x_wconf 90' lang='lat' dir='ltr'><strong>I.</strong></span> 
     </span>
    </p>
   </div>
   <div class='ocr_carea' id='block_1_7' title="bbox 793 1868 1511 2040">
    <p class='ocr_par' dir='ltr' id='par_1_7' title="bbox 793 1868 1511 2040">
     <span class='ocr_line' id='line_1_25' title="bbox 793 1868 1511 1938; baseline -0.01 -12"><span class='ocrx_word' id='word_1_162' title='bbox 793 1876 883 1927; x_wconf 82' lang='lat' dir='ltr'><strong>De</strong></span> <span class='ocrx_word' id='word_1_163' title='bbox 915 1873 1137 1938; x_wconf 81' lang='lat' dir='ltr'><strong>plantis</strong></span> <span class='ocrx_word' id='word_1_164' title='bbox 1171 1868 1511 1921; x_wconf 80' lang='lat' dir='ltr'><strong>siliculosis.</strong></span> 
     </span>
     <span class='ocr_line' id='line_1_26' title="bbox 1046 1988 1223 2040; baseline 0.011 -13"><span class='ocrx_word' id='word_1_165' title='bbox 1046 1988 1080 2040; x_wconf 82' lang='lat'><strong>§.</strong></span> <span class='ocrx_word' id='word_1_166' title='bbox 1152 1998 1223 2029; x_wconf 91' lang='lat'><strong>10.</strong></span> 
     </span>
    </p>
   </div>
   <div class='ocr_carea' id='block_1_8' title="bbox 353 2087 1962 2216">
    <p class='ocr_par' dir='ltr' id='par_1_8' title="bbox 353 2087 1962 2216">
     <span class='ocr_line' id='line_1_27' title="bbox 517 2087 1962 2146; baseline -0.007 -8"><span class='ocrx_word' id='word_1_167' title='bbox 517 2096 710 2139; x_wconf 77' lang='lat' dir='ltr'><strong>Plantae</strong></span> <span class='ocrx_word' id='word_1_168' title='bbox 747 2094 1019 2136; x_wconf 81' lang='lat' dir='ltr'><strong>Siliculosae</strong></span> <span class='ocrx_word' id='word_1_169' title='bbox 1055 2098 1159 2134; x_wconf 77' lang='lat' dir='ltr'><strong>sunt</strong></span> <span class='ocrx_word' id='word_1_170' title='bbox 1182 2123 1197 2141; x_wconf 84' lang='lat'>,</span> <span class='ocrx_word' id='word_1_171' title='bbox 1232 2105 1425 2146; x_wconf 77' lang='lat' dir='ltr'><strong>quarum</strong></span> <span class='ocrx_word' id='word_1_172' title='bbox 1462 2087 1774 2143; x_wconf 63' lang='lat' dir='ltr'><strong>Per-{carpium</strong></span> <span class='ocrx_word' id='word_1_173' title='bbox 1820 2087 1962 2145; x_wconf 76' lang='lat' dir='ltr'><strong>longi-</strong></span> 
     </span>
     <span class='ocr_line' id='line_1_28' title="bbox 353 2153 1962 2216; baseline -0.009 -7"><span class='ocrx_word' id='word_1_174' title='bbox 353 2165 511 2208; x_wconf 80' lang='lat' dir='ltr'><strong>tudine</strong></span> <span class='ocrx_word' id='word_1_175' title='bbox 554 2169 635 2203; x_wconf 83' lang='lat' dir='ltr'><strong>aut</strong></span> <span class='ocrx_word' id='word_1_176' title='bbox 670 2174 830 2216; x_wconf 74' lang='lat' dir='ltr'><strong>parum</strong></span> <span class='ocrx_word' id='word_1_177' title='bbox 870 2164 952 2201; x_wconf 82' lang='lat' dir='ltr'><strong>aut</strong></span> <span class='ocrx_word' id='word_1_178' title='bbox 988 2158 1131 2214; x_wconf 49' lang='lat' dir='ltr'><strong>plane</strong></span> <span class='ocrx_word' id='word_1_179' title='bbox 1168 2172 1252 2198; x_wconf 82' lang='lat' dir='ltr'><strong>non</strong></span> <span class='ocrx_word' id='word_1_180' title='bbox 1292 2161 1477 2213; x_wconf 84' lang='lat' dir='ltr'><strong>superat</strong></span> <span class='ocrx_word' id='word_1_181' title='bbox 1513 2153 1821 2195; x_wconf 74' lang='lat' dir='ltr'><strong>latitudinem.</strong></span> <span class='ocrx_word' id='word_1_182' title='bbox 1876 2155 1962 2194; x_wconf 77' lang='lat' dir='ltr'><strong>Est:</strong></span> 
     </span>
    </p>
   </div>
   <div class='ocr_carea' id='block_1_9' title="bbox 355 2216 1958 2324">
    <p class='ocr_par' dir='ltr' id='par_1_9' title="bbox 355 2216 1958 2324">
     <span class='ocr_line' id='line_1_29' title="bbox 355 2216 1956 2280; baseline -0.01 -7"><span class='ocrx_word' id='word_1_183' title='bbox 355 2227 682 2273; x_wconf 61' lang='lat' dir='ltr'><strong>subnotandum</strong></span> <span class='ocrx_word' id='word_1_184' title='bbox 702 2256 717 2274; x_wconf 91' lang='lat'><em>,</em></span> <span class='ocrx_word' id='word_1_185' title='bbox 750 2232 938 2267; x_wconf 74' lang='lat' dir='ltr'><strong>ovatum</strong></span> <span class='ocrx_word' id='word_1_186' title='bbox 961 2258 972 2278; x_wconf 88' lang='lat'>‚</span> <span class='ocrx_word' id='word_1_187' title='bbox 1007 2236 1311 2280; x_wconf 79' lang='lat' dir='ltr'><strong>compressum</strong></span> <span class='ocrx_word' id='word_1_188' title='bbox 1334 2253 1346 2275; x_wconf 81' lang='lat'>,</span> <span class='ocrx_word' id='word_1_189' title='bbox 1383 2218 1646 2278; x_wconf 78' lang='lat' dir='ltr'><strong>turgidum,</strong></span> <span class='ocrx_word' id='word_1_190' title='bbox 1690 2217 1736 2258; x_wconf 86' lang='lat' dir='ltr'><strong>in</strong></span> <span class='ocrx_word' id='word_1_191' title='bbox 1772 2216 1956 2259; x_wconf 75' lang='lat' dir='ltr'><strong>diversis</strong></span> 
     </span>
     <span class='ocr_line' id='line_1_30' title="bbox 1466 2283 1958 2324; baseline -0.014 4"><span class='ocrx_word' id='word_1_192' title='bbox 1466 2300 1468 2303; x_wconf 83' lang='grc'><strong>’</strong></span> <span class='ocrx_word' id='word_1_193' title='bbox 1818 2283 1958 2324; x_wconf 85' lang='lat' dir='ltr'><strong>diver-</strong></span> 
     </span>
    </p>
   </div>
  </div>
 </body>
</html>
